2558 5236
463 792 804 887 rutuutrto.
1072 820 1136 871 vu

124 1001 266 1091 nibus,
284 1002 599 1079 Burmannianoa
616 1002 747 1092 etiam,
767 1002 842 1103 qui
865 1026 957 1079 cum
978 1026 1137 1107 quaque

132 1132 560 1223 concordarenulibroa
573 1136 789 1224 annotavit,
800 1149 848 1211 ut
861 1132 989 1213 statim
1002 1133 1070 1211 laio
1078 1136 1135 1211 le·

132 1268 232 1343 otori
257 1263 549 1359 consuleretur3
583 1268 670 1343 illas
694 1282 826 1343 autem
853 1268 1092 1345 variationes
1111 1294 1135 1343 a

129 1400 358 1474 Burmauno
370 1396 593 1476 Gesnerove
610 1405 688 1493 jam
696 1414 858 1488 notatas,
868 1399 1016 1499 quibus
1026 1424 1134 1476 nova

123 1532 238 1606 nulla
259 1532 470 1609 auctoritas
492 1531 712 1619 accederet,
736 1556 991 1631 quarumque
1012 1529 1132 1607 usum

124 1660 362 1763 perspiceret
370 1665 601 1754 nullum‚iu
613 1660 724 1737 luam
738 1688 899 1763 quoque
908 1662 1129 1739 editionem

123 1818 339 1893 congerere
353 1794 594 1871 detrectarit
623 1798 756 1894 Atque
774 1792 943 1870 adhunc
960 1796 1129 1893 plenita-

123 1937 217 2013 tem,
225 1951 328 2025 quae
341 1928 524 2028 quamvis
532 1927 673 2003 lectori
687 1924 807 2003 docto
818 1926 1038 2025 criticoque
1046 1923 1128 2003 taf-

121 2052 277 2148 ficeret,
296 2084 381 2134 non
402 2074 533 2137 tamen
552 2056 703 2136 futuris
727 2056 950 2151 editoribus
974 2073 1043 2134 aut
1064 2082 1125 2132 re·

115 2212 211 2263 rum
226 2192 483 2291 antiquarum
495 2190 795 2293 indagatoribus
804 2186 1065 2289 supervacuas
1074 2170 1124 2263 il·

114 2318 171 2395 las
189 2320 373 2398 redderet
392 2322 602 2415 editiones,
624 2324 759 2425 priora
779 2323 898 2397 etiam
914 2322 1123 2398 volumina

114 2449 400 2553 supplementis
428 2479 573 2555 augere
604 2452 821 2555 aliquando
852 2450 1119 2559 eonstituerat

112 2588 220 2657 Haeo
245 2585 381 2685 itaque
406 2612 518 2663 nunc
544 2584 661 2662 restat
679 2586 909 2686 provincia,
937 2608 1059 2684 quam
1081 2598 1122 2659 et

113 2714 240 2815 ipsam
257 2717 362 2791 milri
378 2716 561 2791 traditam
574 2742 649 2815 ego
666 2731 754 2789 tum
770 2715 937 2815 quidem
959 2740 1043 2790 non
1058 2738 1121 2791 re·

115 2842 259 2934 nutavi,
283 2868 392 2921 nuuc
413 2842 593 2920 recusare
612 2846 767 2921 invitus
793 2870 931 2945 cogor3
967 2846 1120 2947 quippe

111 2977 184 3077 qui
201 2990 384 3077 expertus
400 3002 510 3053 nunc
530 2976 770 3077 intelligam,
796 2991 992 3078 quantum
1011 2976 1116 3053 mihi

28 3154 31 3161 ·
109 3122 206 3185 natu
224 3112 303 3202 jam
317 3109 523 3209 grandiori
539 3108 609 3183 ille
624 3107 737 3185 labor
747 3109 937 3209 temporis
952 3106 1002 3183 lit
1018 3134 1115 3185 con·

107 3239 354 3341 sumpturus,
368 3264 501 3339 neque
508 3254 640 3317 tamen
648 3241 832 3317 omittere
842 3266 928 3315 mea
935 3240 1114 3335 debeam,

106 3396 210 3473 quae
219 3371 385 3475 proprio
400 3372 545 3449 ductus
554 3370 687 3450 studio
705 3370 864 3449 dudum
875 3374 978 3448 mihi
994 3374 1038 3449 in
1048 3374 1112 3451 hia

106 3504 248 3581 litteris
269 3529 346 3606 pro
368 3504 481 3579 virili
504 3506 742 3584 elaboranda
761 3502 965 3607 proposui.
1022 3510 1112 3584 Hoe

110 3637 230 3737 igitur
252 3652 369 3740 opto,
391 3653 440 3714 ut
457 3662 507 3713 ex
531 3638 747 3733 juvenibus
765 3638 942 3713 'idoneus
964 3638 1110 3736 aliquia

109 3766 202 3845 ltuic
219 3766 400 3847 succedat
415 3770 541 3872 operi,
551 3773 811 3871 quintumque,
820 3768 934 3869 quod
943 3765 1108 3846 studiosa

110 3898 236 3977 adhuc
250 3916 467 4005 expectant,
486 3900 679 3991 uolumen,
702 3901 974 4003 supplementa
992 3917 1032 3974 et
1047 3902 1108 3975 in·

109 4030 210 4112 diaes
220 4034 498 4137 complectens,
507 4032 628 4135 digna
636 4051 676 4109 et
686 4036 936 4141 Quintiliano
951 4048 992 4107 et
998 4032 1107 4131 Spal-

111 4162 243 4262 ‹lingio
266 4192 361 4243 cura
382 4164 573 4267 perficiat.
618 4150 859 4262 Cuiusmodi
881 4166 973 4241 viro
995 4164 1106 4267 apud

113 4317 175 4367 me
183 4294 328 4395 praesto
336 4297 428 4375 lunt
442 4324 491 4375 ex
500 4317 688 4401 apparatu
698 4296 919 4401 Spaldiugii
929 4297 1105 4373 volumi·

113 4446 166 4499 na
181 4424 302 4529 alque
316 4428 501 4508 codicum
512 4430 745 4513 collationes
754 4431 1009 4518 coutinentia,
1019 4427 1104 4505 edi·

112 4555 244 4631 tion&
258 4563 432 4661 priores,
475 4562 709 4665 chartaeque
735 4562 891 4665 aliquot
918 4560 1106 4649 editoris,
