2558 5236
187 346 232 401 vt
377 261 382 271 ·
412 440 416 449 Ι
486 320 835 399 valerano.

173 529 286 619 ,tavit
310 523 589 629 Spaldirtgius,
619 525 775 627 ignotas
800 521 964 601 aliunde
986 520 1194 625 scripturae

186 686 273 739 non
290 652 426 747 offert,
447 655 514 735 sed
529 659 583 735 ita
596 656 681 734 fere
694 683 785 733 cum
802 656 939 735 codice
953 655 1195 756 Guelferby-

188 808 281 873 rano
292 790 557 897 conspirantes
567 815 717 879 omnes,
728 806 773 865 ut
785 816 833 869 ex
843 789 921 867 hoc
935 786 1021 895 ipio
1036 813 1098 865 eas
1112 810 1196 863 rna·

131 1018 135 1027 Ι
188 919 290 1003 ualle
304 949 378 1025 pro
394 937 596 1025 comperto
613 947 738 1027 prope
753 922 935 1015 habeam,
951 922 1060 1009 alter,
1072 943 1194 1019 quem
1259 934 1265 943 “

188 1054 325 1143 Flora,
352 1059 460 1137 Sunt.
483 1057 666 1133 nominat
680 1053 953 1160 Spaldingiue,
976 1051 1085 1130 haud
1104 1075 1193 1128 raro

190 1182 1018 1289 quidemabomrriumlibrorumicriptura
1032 1180 1194 1273 recedit,

189 1318 244 1401 ita
258 1334 389 1403 tamen
405 1334 451 1397 ut
464 1320 705 1398 variationes
720 1319 769 1398 ab
783 1320 857 1397 illo
871 1315 971 1421 ipio,
989 1319 1060 1416 qui
1076 1310 1194 1391 flores

188 1448 264 1533 hos
285 1451 543 1555 excerpserat,
568 1466 636 1527 aut
654 1447 807 1535 sedulo,
829 1473 913 1550 quo
939 1445 1196 1529 rotundiores

183 1582 344 1673 ¹exirent
357 1581 584 1671 sententiae,
601 1596 669 1658 aut
685 1579 870 1681 neglectu
885 1580 1003 1657 etiam
1019 1575 1196 1679 quodam

183 1709 367 1805 ,admistas
386 1711 470 1790 iere
487 1711 574 1803 elie,
588 1710 703 1793 facile
720 1726 912 1817 appareat
956 1714 1120 1796 Tamen,
1150 1721 1207 1793 ut.

189 1838 241 1917 de
252 1841 331 1921 hoc
346 1848 359 1921 i
364 1842 431 1946 plo
441 1842 646 1933 constaret,
660 1843 880 1949 Spaldingii
892 1840 955 1937 ,sec
961 1856 1053 1917 utus
1066 1864 1197 1914 exem·

186 1972 303 2077 plum
329 1976 543 2077 diligenter
563 1950 659 2057 iride
680 1973 836 2075 lingula
856 1990 896 2051 et
914 1974 995 2077 ipse
1022 1974 1194 2055 enotavi.

187 2104 295 2185 Nam
314 2108 359 2191 in
380 2110 520 2191 ceteris
541 2132 706 2209 quoque
723 2102 931 2189 decollatis
946 2132 1104 2185 morem
1118 2104 1197 2181 ler-

187 2237 303 2328 ,vavit
344 2263 468 2339 quem
498 2236 696 2345 cumipse
721 2264 808 2319 nou
830 2236 922 2319 laris
948 2240 1195 2343 explicuerit,

188 2372 325 2477 paucis
344 2373 543 2472 attingam.
572 2371 782 2455 Nimirum
800 2368 983 2456 statuerat
1003 2373 1051 2454 ab
1073 2373 1194 2453 initio

189 2498 409 2605 editionem
427 2502 522 2577 dare
540 2504 748 2601 communi
763 2516 917 2581 tantum
939 2500 1030 2589 uiui
1052 2520 1194 2607 aptam,

189 2652 311 2733 quam
324 2649 454 2712 tamen
470 2657 608 2733 parvo,
634 2658 757 2739 quem
776 2649 865 2710 tum
880 2632 964 2717 fore
986 2637 1195 2727 obtulerat,

168 2781 378 2873 rpparatu
399 2766 454 2841 ita
475 2781 702 2854 exornaret,
727 2781 775 2847 ut
796 2762 920 2870 pollet
939 2768 1036 2849 inda
1057 2768 1196 2871 augeri

188 2918 317 2997 penus
337 2896 470 2978 critica
486 2896 569 2987 illa,
596 2920 699 2997 quae
724 2897 833 3006 apud
853 2902 1130 2981 Burmanuum
1156 2914 1199 2981 et

188 3024 407 3135 §cinerum
417 3026 573 3135 prostat„
603 3027 863 3121 Hincfacrum,
877 3030 1095 3123 est,uttam
1108 3056 1198 3137 par.-

189 3182 232 3265 pa
249 3175 432 3264 appareat
445 3163 491 3237 in
503 3164 636 3263 primo
648 3162 859 3243 volumine
871 3168 1025 3247 notatio
1041 3164 1194 3247 critica:

188 3292 339 3397 quippe
354 3317 403 3371 ex
415 3294 602 3374 omnibur
616 3296 678 3382 iis,
692 3320 793 3399 quae
801 3300 1053 3377 Burmannus
1064 3297 1195 3385 habet,

188 3420 294 3513 nihil
307 3425 508 3527 repetebat
520 3427 774 3529 Spaldingiua
790 3427 866 3507 nist
888 3428 1035 3527 quoad
1053 3426 1197 3506 consti·

188 3554 380 3659 tuendum
408 3556 804 3659 confirmandamque
830 3558 939 3637 suam
962 3559 1196 3660 scripturam

189 3706 293 3791 ,opus
307 3688 525 3772 videretur.
556 3692 658 3769 Mox
668 3688 862 3769 crescente
872 3690 1057 3771 codicum
1072 3694 1198 3794 copia,

189 3840 281 3923 ,cum
298 3824 376 3915 jam
396 3824 513 3915 velut
531 3820 720 3901 reinvita
737 3824 912 3901 criticam
934 3821 1010 3913 sibi
1032 3824 1198 3903 evadere

189 3948 408 4045 ¹editionem
418 3954 586 4042 videret,
594 3953 709 4055 quod
726 3968 815 4033 tum
829 3956 970 4064 utique
988 3959 1089 4039 ratio
1110 3956 1197 4037 lua·

190 4078 1199 4189 (lebaafecitrmemoratiriuoramcodicumlectio-
