2558 5236
446 1024 894 1157 innuunt

559 1288 776 1315 -··-·v-·
822 1270 826 1281 ¹

164 1500 171 1523 ·
234 1478 283 1536 M
301 1494 357 1542 te.
382 1494 416 1540 ι.
439 1491 469 1543 7.
491 1477 617 1553 Reeeptt
639 1491 705 1535 ante
726 1470 931 1548 spaldiugiunt
952 1470 1101 1547 leeipee'ra
1120 1483 1181 1529 erat

164 1565 259 1647 been:
302 1561 443 1640 Equidem
457 1560 519 1638 scio
549 1563 683 1637 quosdam
705 1560 818 1637 eqlleete
839 1576 911 1633 quae
935 1555 1010 1613 idem
1026 1553 1110 1632 βίω·
1124 1576 1179 1613 ete·

53 1656 59 1665 ’
171 1661 234 1705 tent
258 1646 393 1705 voeabula
414 1643 517 1722 solitos
539 1642 671 1718 ediscere.
697 1660 783 1718 quam
807 1642 858 1698 bit
878 1656 997 1716 repeto,
1031 1639 1176 1714 quoniam

171 1753 235 1787 mea
258 1732 343 1786 etiem
365 1728 450 1804 eulpa
471 1728 583 1800 aliquid
600 1728 781 1783 obscuritatis
798 1726 830 1780 in
847 1723 1011 1800 Spaldiugii
1031 1724 1115 1778 notit
1130 1736 1176 1777 re·

73 1860 77 1867 .
169 1813 274 1869 lictum
297 1829 365 1867 erat.
418 1812 582 1867 Turicenlia
609 1811 678 1868 loeo
700 1810 807 1866 luorum
836 1810 967 1867 omniun
988 1806 1060 1861 haee
1082 1808 1173 1863 dabat

91 1890 96 1901 ⁸
170 1896 213 1953 Et
234 1918 304 1973 quae
326 1897 399 1951 idem
414 1894 646 1972 fignificaretttur
662 1893 911 1972 solitos.ediscere.
962 1896 996 1948 ln
1018 1890 1066 1948 hit
1087 1911 1172 1947 meu·

168 1982 272 2037 dolum
295 1996 355 2036 erat
374 1982 532 2057 pellitium,
567 1982 651 2053 eujua
679 1981 746 2036 loco
772 1981 863 2036 e'eteri
882 1979 1019 2056 plerique
1041 1977 1173 2035 eetivun

169 2064 318 2122 exhibent.
364 2067 420 2122 Sed
442 2067 540 2123 deerat
561 2066 694 2123 verbum·
707 2064 835 2121 linitum.
887 2067 955 2125 Janr
980 2080 1051 2118 enm
1065 2060 1173 2138 solitos

167 2148 286 2222 (discere
304 2170 457 2227 perperam
479 2151 511 2204 in
532 2149 685 2207 nonnullis
705 2150 746 2205 ita
765 2149 930 2206 distinctum
954 2148 1024 2205 οἷοι
1038 2144 1129 2222 solito
1137 2143 1172 2221 se

167 2233 278 2309 difien,
299 2234 358 2292 boe
380 2237 495 2291 taudem
516 2235 608 2289 aniam
626 2234 708 2291 dedit
727 2236 879 2291 iulereudu
892 2233 989 2290 verbo
997 2231 1069 2308 scio.
1090 2231 1170 2306 quod

165 2314 226 2374 boe
249 2320 370 2391 quidem
391 2320 459 2375 loeo
480 2320 513 2374 in
535 2319 640 2392 scripto
662 2318 747 2376 nullo
772 2335 929 2395 comparet.
973 2318 1023 2373 Sie
1036 2332 1103 2373 nata
1117 2317 1168 2371 Ba·

166 2400 212 2455 dii
240 2403 379 2478 scripturn
407 2402 449 2458 Et
478 2423 548 2479 quae
581 2405 654 2458 idem
673 2402 869 2480 fignifitarent
892 2401 998 2479 solitos
1027 2401 1090 2477 seio
1124 2403 1166 2457 di·

159 2482 245 2560 [σενι.
289 2489 371 2543 Hanc
391 2490 488 2562 itaque
510 2487 709 2563 Spaldingiut.
736 2489 792 2544 nili
818 2488 898 2563 quod
921 2508 957 2545 ex
978 2487 1082 2545 Turiu-
1108 2486 1165 2543 adi·

160 2567 238 2642 scere
266 2572 472 2628 restituendum
494 2573 549 2628 fibi
570 2575 624 2629 effe
647 2576 784 2635 censeret,
804 2575 971 2649 praeposuit
994 2572 1165 2646 subsequen·

164 2653 240 2709 tium
263 2657 426 2712 editionum
447 2657 604 2731 scripturae
627 2659 763 2734 pleniori,
789 2678 875 2732 quam
891 2660 973 2733 lupra
991 2657 1084 2733 polui.
1107 2657 1165 2712 Ne·

163 2757 221 2812 que
245 2742 396 2815 quitquam
416 2741 549 2817 prolecto
574 2745 690 2798 damnet
712 2742 886 2817 religionem
910 2744 988 2805 viri,
1034 2758 1162 2816 repetere

161 2828 305 2885 verentis.
328 2847 400 2900 qnae
423 2827 499 2881 unde
523 2825 661 2882 lluxerint
683 2848 769 2883 nemo
793 2829 909 2883 dixerit.
956 2829 1045 2899 Quod
1066 2842 1160 2880 autem

161 2926 177 2959 e
199 2909 349 2964 Pltilandri
370 2910 420 2965 illa
444 2912 497 2965 elle
520 2915 685 2984 conjectura
706 2913 909 2988 suspiceretur.
944 2914 1076 2967 animum
1100 2928 1160 2965 nou

158 2990 284 3045 advertit
298 2996 346 3048 vit
361 2997 489 3070 optimus
506 2997 541 3049 ad
555 3014 653 3053 notam
668 2995 857 3071 marginalem
866 2997 1033 3053 Balileenlia
1044 3002 1131 3061 (¹5⁴¹
1145 3013 1155 3056 δ

157 3092 193 3128 au
216 3077 389 3148 antiquioris
413 3081 499 3132 etiem
528 3094 620 3153 1529,
651 3083 766 3152 nescio)
788 3081 877 3137 hanc:
920 3084 1053 3155 „Longe
1073 3078 1156 3132 aliter

136 3156 248 3234 ¹„legit
269 3160 342 3214 hanc
364 3164 517 3231 periodum
541 3168 667 3222 vetustus
688 3167 807 3221 codex“
846 3173 881 3230 [e
909 3165 1033 3221 Polouie
1056 3163 1089 3218 ad
1109 3163 1152 3217 si·

156 3242 297 3300 ehardum
320 3244 432 3308 millut]
454 3262 501 3306 „et
523 3247 581 3320 ipit
604 3249 711 3313 Aldut3
736 3252 811 3305 unde
827 3270 886 3305 uon
900 3250 1070 3306 dubitamus
1084 3249 1154 3321 quin

154 3347 190 3388 ..ι
212 3332 360 3385 neoterico
382 3328 432 3383 hic
461 3327 543 3384 locut
573 3331 606 3386 lit
628 3337 808 3390 converlus‘'.
833 3335 911 3388 Hinc
930 3353 1058 3410 apparet.
1080 3334 1153 3387 Bali·

51 3464 56 3476 ,
139 3410 276 3501 δΙοοηῐωιι
300 3416 441 3469 editorem
461 3413 535 3469 hanc
557 3415 725 3492 scripturam
754 3435 972 3493 nonunquam
996 3418 1155 3480 Philandti‚

154 3497 237 3568 eujue
261 3498 455 3572 castigationes
477 3500 509 3553 in
531 3500 626 3556 fronte
649 3500 721 3557 libri
742 3506 899 3578 promittit,
921 3506 1154 3560 emendationem

154 3581 309 3656 adoptasse,
332 3584 377 3637 led
399 3584 432 3637 in
455 3582 539 3638 editi·
561 3587 618 3656 jam
640 3589 792 3661 reperille:
826 3589 1083 3664 quaerendumque
1106 3587 1154 3640 ed·

152 3661 222 3726 buc,
244 3667 277 3720 in
300 3686 425 3740 quonam
449 3668 545 3743 primo
568 3688 734 3748 compareat
756 3672 817 3729 ille.
842 3677 876 3727 ln
900 3672 1035 3727 breviori
1057 3688 1153 3727 autem

152 3743 203 3799 illa
226 3749 364 3823 scripture
386 3752 472 3808 valde
493 3773 540 3809 me
563 3755 686 3812 offendit
698 3758 839 3831 perticuli
855 3771 883 3810 et
899 3757 931 3810 in
945 3757 1053 3821 fronte.
1069 3777 1152 3831 quae,

151 3847 294 3903 cumpro
316 3837 399 3887 etiam
421 3837 475 3893 elle
497 3859 549 3913 per
570 3840 678 3895 lenium
700 3859 761 3894 non
783 3842 878 3918 pellit,
899 3860 954 3915 pro
970 3834 1074 3916 copule
1091 3859 1151 3897 tau·

149 3925 212 3966 tum
236 3913 272 3966 eli
294 3913 434 3972 habenda.
461 3923 556 3997 Atqui
576 3926 720 3981 rationem
744 3926 834 3981 statim
860 3925 916 3980 fibi
939 3926 1149 4001 repudiandam

147 3998 270 4053 monitis
299 3998 356 4053 luit
385 4022 437 4075 per
467 4021 495 4059 et
521 4007 708 4081 subjungere,
744 4030 791 4063 me
812 4009 927 4080 judice,
963 4030 1024 4066 non
1049 4012 1150 4084 potuit

148 4079 359 4150 Quintilianus.
381 4087 486 4161 Neque
507 4088 598 4164 plicet
613 4091 730 4167 solitos,
751 4093 895 4169 supprell'o
917 4095 1047 4165 subjecto
1069 4116 1150 4174 quot·

145 4161 219 4224 alem.
264 4166 321 4225 Sed
343 4174 531 4247 quantumvia
552 4191 630 4233 recte
650 4176 698 4234 hie
719 4177 864 4243 offender.
897 4198 1085 4257 nequequam
1105 4195 1147 4236 ta·
