2558 5236
79 368 82 381 ·
175 339 248 433 ⁹9⁶
407 333 464 404 tn.
488 336 590 404 ran.
618 330 938 443 oururnnur

176 525 329 604 obstare
351 525 563 598 memoriae
579 519 697 626 usum
715 522 957 595 litterarum:
989 514 1178 590 videlicet

178 641 291 742 quod
310 642 399 735 itta,
440 663 539 734 quae
573 634 726 737 scriptis
755 632 1026 734 reposuimus,
1064 632 1181 704 velut

181 754 377 831 custodire
400 751 635 839 desinimus,
663 747 804 851 etipsa
826 747 1031 821 securitate
1045 744 1182 820 dimit·

127 860 166 940 ιο
181 873 313 946 timus.
372 872 459 943 Nec
482 867 649 942 dubium
675 863 748 953 est,
777 868 881 964 quin·
898 850 1120 962 plurimum
1137 862 1183 935 in

180 986 254 1061 hac
271 996 381 1086 parte
394 983 521 1056 valeat
537 983 680 1054 mentis
696 981 877 1067 intentio,
897 993 936 1051 et
953 978 1067 1051 velut
1081 977 1184 1052 acics

180 1101 384 1178 luminum
408 1123 429 1169 a
450 1095 659 1197 prospectu
683 1120 838 1183 rerum,
868 1118 966 1193 quas
989 1093 1183 1180 intuetur,

179 1240 266 1290 non
283 1211 427 1307 aversa.¹
462 1211 578 1300 Unde
595 1209 746 1298 accidit,
775 1225 822 1283 ut
839 1233 940 1308 quae
954 1231 1026 1307 per
1041 1207 1180 1307 plures

182 1328 266 1406 dies
302 1326 508 1403 sosibimus
538 1323 737 1400 ediscendi
770 1323 902 1413 causa,
942 1322 1182 1422 cogitatione

181 1533 234 1605 sic.
251 1543 329 1601 Flor.
344 1540 439 1598 Guels.
454 1540 543 1598 Goth.
563 1542 628 1606 (tac.
646 1541 741 1608 Gosm)
758 1541 857 1614 camp.
872 1535 1011 1634 poff-umus
1027 1557 1092 1592 curn
1107 1538 1184 1597 Jeus.

182 1645 270 1702 'Iam
285 1643 351 1700 ΑΜ.
521 1642 648 1696 videlicet
664 1642 745 1715 quod.
759 1641 858 1695 Turio.
867 1662 893 1695 v.
903 1662 964 1719 quo·
974 1638 1051 1694 slor.
1059 1661 1084 1693 v.
1095 1660 1183 1713 quan-

184 1756 251 1800 tum.
274 1742 369 1799 Grrels.
391 1744 490 1818 Camp.
512 1762 539 1798 v.
561 1743 723 1818 quomodo.
755 1744 801 1794 Ex
815 1739 891 1796 Asm.
914 1728 968 1815 ᾳίἶι.
1012 1719 1057 1795 A'n
1075 1756 1135 1794 erat
1157 1760 1186 1796 v.

187 1832 342 1903 quatenus?

251 1947 297 1983 ιο.
319 1928 471 2004 prospectu.
494 1930 593 1985 Turio.
615 1928 692 1983 Flor.
705 1929 799 1983 Guels.
814 1928 878 1998 (hic
892 1929 1012 2004 quidem
1029 1928 1136 1981 inserto
1147 1927 1185 1996 P)

182 2027 295 2088 promtu
315 2034 381 2068 cum
399 2014 474 2069 Alm.
499 2015 591 2068 Modo
606 2036 623 2067 a
638 2016 736 2088 Camp.
753 2014 875 2068 omittit.
1048 2015 1179 2064 intuetur.

179 2089 284 2170 'Gamo
304 2102 439 2153 intuemur
458 2117 524 2154 cum
539 2099 629 2153 Goth.
646 2099 698 2170 qui
715 2116 742 2153 et
763 2095 839 2174 quasi
861 2119 915 2173 pro
939 2118 1019 2171 quos:
1052 2113 1181 2168 quorum

185 2179 263 2251 illud
276 2180 379 2256 placet.
544 2181 649 2257 aversa.
670 2183 769 2237 Turio.
783 2183 860 2238 Flor.
876 2181 991 2256 adversa
1003 2200 1068 2253 cunr
1084 2178 1159 2232 Alm.

261 2290 263 2297 ⁴
311 2266 449 2341 ediscendi
469 2267 558 2342 causo.
574 2270 751 2340 cogitatione
768 2268 866 2321 Turio.
883 2267 960 2322 Flor.
976 2264 1047 2339 (hic
1064 2263 1184 2337 quidem

185 2368 257 2423 apr.
273 2370 313 2403 rn.
332 2355 522 2425 cogitatione)
539 2351 634 2409 Guels.
649 2373 671 2406 c.
682 2351 742 2426 fint
758 2355 951 2423 cogitationes.
968 2353 1067 2421 Camp.
1086 2346 1112 2420 fi
1128 2349 1185 2401 edi·

179 2430 284 2510 Jcenda
300 2433 358 2507 fine
379 2457 400 2488 c.
426 2454 492 2488 cnm
516 2435 600 2490 Bodl.
622 2438 710 2490 Andr.
727 2434 793 2489 Ata.
810 2443 917 2508 (neque
934 2436 1010 2489 enim
1026 2436 1185 2507 postremus

180 2515 270 2592 sunt.)
292 2521 337 2570 Ex
353 2518 429 2571 Atm.
443 2518 485 2572 nil
503 2522 556 2573 nisi
568 2518 635 2593 sunt
648 2541 701 2594 pro
718 2518 805 2593 causa.
835 2520 907 2576 Obr.
927 2541 950 2573 e.
961 2518 1026 2592 fine
1044 2541 1065 2573 c.
1113 2519 1202 2585 Moxy

186 2601 274 2655 ctiam
298 2603 609 2663 contineanturdsdus,
633 2603 718 2660 solua.
761 2604 819 2658 llic
832 2601 924 2677 igitur
939 2603 1098 2673 subjectum
1115 2603 1185 2655 desi·

90 2746 92 2757 Ι
186 2683 301 2741 (seravit
323 2685 353 2740 in
374 2684 510 2758 vulgata,
535 2688 613 2759 quod
636 2687 741 2743 Badius
764 2687 797 2739 in
813 2689 943 2762 margine
961 2689 1103 2760 designat:
1121 2684 1184 2760 scis.

185 2774 285 2826 meritis
304 2773 431 2826 intentio.
477 2770 595 2844 Reliqui
611 2771 701 2825 securi
719 2771 902 2826 transierunt.
935 2775 1058 2846 Recepta
1073 2772 1129 2844 ipsa
1148 2772 1187 2826 est

185 2853 217 2911 in
229 2852 317 2910 Goth.
332 2856 384 2928 qui
398 2873 426 2909 et
440 2855 488 2909 hic
502 2857 584 2924 (vide
600 2857 681 2931 supra
702 2877 749 2917 rr,
769 2874 794 2916 ι,
812 2861 875 2923 32.)
894 2857 928 2910 dc
946 2858 994 2910 suo
1014 2856 1094 2911 dedit
1105 2853 1187 2931 causa

207 2959 241 2993 ro
248 2938 317 3015 fint,
337 2959 389 2992 nce
405 2941 467 2993 edd.
483 2939 628 3001 recedunt,
650 2941 704 2994 nisi
720 2939 798 3012 quod
807 2941 975 2998 Jensffarv.
993 2941 1119 2993 edicendi
1133 2960 1187 3012 per

184 2959 246 3094 splr.
292 3023 391 3076 Potuit
411 3025 472 3077 sane
498 3041 524 3078 ct
547 3024 644 3099 Camp.
669 3024 787 3097 ingenio
810 3023 922 3096 aliquid
945 3025 1011 3077 dare
1035 3025 1065 3077 in
1086 3023 1185 3076 verbis

78 3142 79 3147 ,
183 3103 265 3159 hisce
282 3106 465 3169 adornandis,
498 3129 563 3162 curn
587 3108 667 3162 Bodl.
691 3107 741 3161 illa
761 3110 915 3161 auctoritas
932 3104 1122 3162 imminuatur
1139 3126 1185 3169 eo,

185 3188 266 3262 qnod
294 3191 355 3255 ejus
379 3191 452 3242 testis
476 3189 508 3243 srt
531 3192 684 3264 Gibsorrus.
725 3193 780 3244 Sed
795 3193 1030 3264 acquiescendum
1051 3192 1185 3264 profecto

184 3290 245 3327 non
261 3287 328 3326 erat.
350 3271 487 3344 ediscendi
502 3274 582 3348 causa
595 3276 667 3346 quin
676 3290 751 3330 recte
763 3291 790 3328 et
800 3275 946 3348 eleganter
962 3277 1108 3337 scribatur.
1124 3294 1186 3329 non

186 3353 307 3416 dubito,
338 3354 567 3411 Obrechtianunr
589 3357 664 3412 iilud
684 3359 748 3432 fine
770 3379 805 3411 ne
827 3360 892 3414 satis
916 3360 1034 3434 quidem
1059 3358 1186 3413 latinum

188 3441 302 3493 censens
322 3439 373 3505 (os.
393 3448 419 3504 4,
444 3454 471 3501 2,
495 3448 592 3508 ¹¹8·)³
617 3443 662 3496 sed
678 3445 860 3498 nominativo
877 3463 950 3518 opus
967 3445 1003 3497 est
1022 3445 1185 3499 sententiae.

188 3525 258 3593 Sive
273 3524 364 3598 igitur
378 3520 406 3596 fi
421 3524 563 3598 ediscenda
575 3525 634 3599 sint
648 3531 764 3591 retines,
788 3529 845 3582 sive
861 3530 893 3582 in
910 3527 1076 3583 obscuriore
1096 3527 1187 3581 ductu

181 3605 244 3684 'siut
265 3606 416 3684 obrepsisse
436 3629 491 3685 pro
518 3610 599 3684 causa
618 3612 774 3676 existimas,
805 3613 945 3688 postrema
968 3613 1006 3666 sic
1030 3611 1188 3685 refingam:

187 3797 259 3842 „eos
275 3779 327 3852 qui
342 3778 455 3839 discent,
479 3774 583 3832 litteris
600 3797 667 3834 con·
708 3803 760 3845 „ac
772 3784 941 3836 memoriam
953 3782 1131 3837 remittant.“
1146 3779 1191 3854 sc·

187 3859 290 3924 „sisos‚
309 3862 407 3917 minus
432 3861 590 3916 memoriae
611 3865 666 3917 stn-
709 3870 853 3921 ceritatem
868 3867 936 3921 ride
953 3868 1038 3922 etiam
1054 3886 1098 3926 ro,
1115 3865 1144 3926 6,
1160 3881 1186 3920 2.

187 3944 285 4006 ,‚dere,
297 3948 376 4018 quod
390 3948 450 4002 sere
459 3945 604 4020 plerisque
622 3968 666 4001 ac·

187 4028 286 4090 „cidic
307 4044 339 4082 ut
352 4031 494 4101 praesidio
504 4029 664 4085 litterarum
755 4053 801 4091 ro.
835 4036 912 4090 Unda
931 4036 1087 4089 accidit-
1101 4034 1187 4089 conti·

187 4110 391 4186 ..diligentiam
418 4114 450 4169 in
477 4114 665 4191 perdiscendo
708 4133 781 4178 neat.
798 4121 833 4178 cs.
850 4136 911 4177 not.
927 4121 991 4175 crit.
