2558 5236
219 323 244 398 4
446 307 504 376 M.
523 246 655 378 sono..
679 307 993 400 omninum
1042 332 1045 341 ·

184 517 203 578 4
219 481 345 575 laedi
359 483 521 597 quoque
536 485 818 602 diligentiam.
864 498 942 574 Sed
956 513 1003 575 ut
1019 505 1227 601 perveniri

216 615 268 690 ad
288 610 457 699 summa,
487 610 562 685 nili
588 636 636 684 ex
658 614 866 713 principiis
890 639 974 691 non
995 616 1120 714 potest
1130 644 1146 693 :-
1170 621 1227 696 ita

213 727 456 831 procedente
479 730 557 816 iam
581 751 701 826 opere
722 730 888 803 minima
913 729 1112 829 incipiunt
1137 731 1227 826 elie,

213 868 316 944 quae
331 843 458 943 prima
476 837 577 927 lunt
634 843 784 918 Verum
798 867 873 919 nos
886 868 991 934 non,
1014 849 1226 945 quomodo

210 955 479 1035 instituendus
501 973 652 1045 orator,
682 957 760 1033 hoc
781 958 873 1035 loco
894 958 1089 1037 dicimus:
1129 989 1225 1042 nam
1248 1053 1252 1060 Ι

210 1074 257 1150 id
279 1072 444 1172 quidem
466 1084 535 1145 aut
559 1068 672 1160 satis,
703 1087 772 1148 aut
793 1089 897 1148 certe
918 1076 980 1150 uti
1002 1079 1225 1175 potuimus,

210 1187 365 1268 dictum
384 1183 465 1262 eli:
494 1183 563 1261 led
586 1187 750 1278 athleta,
779 1190 852 1289 qui
878 1215 1017 1267 omnes
1037 1197 1115 1286 jam
1132 1220 1224 1295 per·

155 1425 163 1433 ,
275 1381 304 1441 4.
330 1373 477 1446 perveniri.
511 1369 612 1425 Turio.
632 1368 710 1426 Flor.
725 1373 877 1446 pervenire.
1051 1373 1089 1429 ad
1099 1373 1222 1449 samma.

208 1458 310 1531 camp.
333 1455 423 1511 Goth·
436 1452 510 1511 Jenl'.
533 1457 607 1520 (tac.
624 1455 728 1527 Gcen.)
749 1451 787 1508 aei
799 1453 938 1530 [unimam
960 1474 1027 1512 oum
1044 1460 1123 1517 Voll'.
1140 1475 1167 1516 2.
1191 1478 1223 1520 et

208 1541 273 1596 edd.
290 1536 450 1594 anteBalil.
479 1535 556 1591 Cl.1
582 1539 649 1593 Pro.
667 1550 717 1592 20.
742 1557 789 1602 ro,
805 1554 840 1606 4,
860 1556 889 1612 9.
1058 1546 1221 1617 jamopera

204 1626 330 1697 mlinipra.
373 1621 474 1675 Turio.
496 1618 574 1674 Flor.
590 1620 686 1676 Guoll.
700 1623 771 1677 Exc.
787 1626 863 1678 Snnt.
883 1625 971 1679 Terv.
984 1627 1058 1685 Jenl.
1075 1631 1099 1698 j.
1117 1649 1143 1683 o.
1156 1632 1221 1698 jam

206 1730 244 1766 m.
287 1704 441 1781 Expunxit
456 1703 577 1777 Regini.
619 1707 665 1759 An
692 1705 749 1760 luit
772 1707 937 1781 procedente
959 1712 1043 1765 etiam
1063 1732 1145 1786 opere
1155 1714 1219 1781 jam

205 1796 266 1850 „12
436 1789 576 1864 quomodo
597 1786 784 1864 instituendus.
826 1794 873 1846 Sic
898 1794 997 1850 Tur-ic.
1020 1795 1097 1852 Flor.
1118 1796 1217 1857 Guelf.

205 1868 306 1950 Camp.
329 1891 397 1928 cum
418 1871 507 1928 Goth.
531 1873 610 1930 Voss'.
634 1890 662 1930 2.
685 1890 713 1929 et
736 1875 801 1931 cdd.
823 1892 887 1934 ante
903 1875 984 1932 Bafil.
1002 1879 1123 1956 Reliqui
1143 1882 1217 1938 inle-

203 1977 273 2016 runt
285 1954 334 2037 fit.
477 1952 530 2031 sed
551 1957 666 2013 athleta.
710 1960 810 2014 Turio.
825 1956 850 2036 s.
867 1962 988 2018 adhieta.
1033 1950 1147 2041 ΠΜ
1164 1967 1215 2021 ad-

202 2045 260 2100 leta
279 2062 347 2100 cum
369 2037 446 2096 Alto.
470 2060 485 2093 a
508 2041 558 2094 lec.
580 2059 668 2096 manu
692 2058 815 2117 uterque
842 2042 868 2120 s.
891 2061 922 2100 at
942 2069 968 2101 a.
997 2064 1025 2104 et
1044 2051 1081 2104 fic
1102 2049 1215 2126 reliqui

202 2146 304 2186 omnen
325 2143 353 2182 et
373 2125 473 2200 scripti
488 2142 515 2179 et
531 2127 625 2180 excufi
641 2143 705 2182 ante
720 2126 785 2184 Ald.
801 2149 858 2185 acc.
874 2131 944 2188 Bari.
987 2131 1043 2188 Ille
1060 2153 1126 2189 cum
1142 2133 1212 2191 reli·

201 2212 269 2288 quii
286 2210 311 2290 s.
328 2225 359 2266 at
375 2210 517 2265 athletam.
551 2210 556 2219 “
591 2242 593 2246 -
666 2232 768 2268 omnes.
813 2214 860 2269 Sic
877 2215 958 2270 Belil.
1003 2219 1209 2276 omnisTuric.

199 2291 279 2356 flor.
320 2295 409 2352 Sede
425 2295 581 2351 [cominu
597 2311 721 2372 uterque
741 2302 919 2357 cerniacum
937 2301 1070 2379 reliquie.
1204 2312 1207 2317 '

199 2448 330 2524 intelligi
370 2447 474 2504 debere
519 2438 684 2510 lectionem:
757 2460 796 2518 ’4.
839 2453 979 2526 quomodo
1017 2449 1208 2526 instituendae.

199 2555 273 2610 quae
296 2532 448 2606 quomodo
470 2530 682 2607 comprehendi
726 2534 811 2604 Quod
826 2536 1003 2590 recentiorea
1021 2534 1071 2588 hic
1086 2538 1208 2590 nocella·

196 2617 284 2695 poffit
303 2631 332 2673 et
349 2613 502 2691 fignificari
516 2618 680 2676 imitatione,
723 2617 769 2671 rio
793 2615 978 2690 interponere
1002 2616 1055 2671 fibi
1075 2618 1128 2671 vili
1143 2619 1208 2675 lunt

195 2702 289 2756 fateor
300 2721 347 2756 rae
361 2719 462 2775 perum
477 2699 594 2774 effequi.
615 2698 680 2754 Nee
714 2697 772 2776 fit,
804 2699 938 2755 differtur
957 2715 985 2754 et
1005 2701 1068 2774 poli
1088 2722 1207 2776 praepa·

195 2786 350 2860 quiequam
365 2785 452 2840 haelit
466 2786 497 2838 in
510 2782 586 2838 loco.
608 2783 679 2836 For·
721 2782 823 2838 raedas
872 2783 989 2837 demam
1040 2804 1205 2861 comparere

193 2869 261 2925 telle
285 2869 493 2927 consuetudine
515 2868 679 2940 frequenta·
721 2865 1017 2941 quanquamduriore
1029 2868 1203 2945 hyperbato,

192 2966 257 3009 tum
271 2956 338 3020 luit,
354 2969 396 3018 ut.
418 2971 483 3009 corn
499 2950 677 3027 imitationis
718 2951 766 3006 secl
779 2971 839 3026 qao
854 2951 1027 3007 brevitatem
1043 2971 1071 3009 et
1082 2973 1203 3012 acumen

192 3039 275 3094 caule
289 3038 480 3113 susciperetur
498 3026 586 3090 lectio
600 3035 677 3109 opti·
714 3036 871 3113 quaesterit
889 3035 992 3092 noller.

190 3141 309 3181 morum
324 3121 507 3196 scriptorum.
528 3119 588 3194 ipse
602 3137 675 3193 quo·
762 3139 856 3176 omnes
871 3151 909 3162 -
927 3141 1062 3190 numeror.
1105 3123 1201 3181 Palae·

191 3205 342 3282 queem
363 3203 504 3260 menan
523 3200 674 3258 nernin-
716 3190 794 3260 nni
817 3205 1042 3263 numericorum
1061 3208 1201 3265 attumne

191 3284 299 3346 cluliti'e
315 3288 444 3345 imitatio
469 3284 672 3364 appellaretur.
716 3286 843 3353 inostro
864 3306 909 3353 au,
926 3305 954 3353 2,
975 3307 1021 3348 12.
1042 3293 1078 3349 cl.
1092 3310 1119 3366 9,
1131 3304 1157 3359 4,
1169 3303 1197 3362 8.

189 3376 234 3432 Ita
259 3391 335 3451 opue
358 3369 587 3443 illuleonyfii
604 3367 671 3426 Hel.
714 3371 787 3428 item
811 3385 848 3435 2,
872 3384 908 3443 3,
936 3387 981 3442 ιδ.
1011 3377 1066 3433 ubi
1088 3379 1198 3451 politur

189 3447 252 3537 quo
272 3472 406 3516 veterum
430 3471 580 3511 oratorum
593 3453 672 3526 judi·
714 3459 836 3513 Senecae
864 3456 947 3514 locor
974 3477 1088 3536 praeter
1111 3479 1198 3538 nexae

188 3543 232 3600 cie
251 3541 414 3620 proponit.
432 3541 574 3612 cujusque
596 3555 670 3592 non·
712 3542 832 3618 „magni
851 3540 1022 3601 luctatorie“
1043 3546 1129 3600 etiam
1146 3566 1196 3600 na·

185 3628 240 3682 nili
269 3625 385 3704 aliquot
415 3620 669 3701 partee‘reliquae
713 3644 802 3682 meros
820 3626 914 3684 habet„
956 3628 1039 3683 Adde
1058 3628 1194 3689 Juvenat

183 3706 275 3767 lacteo
292 3713 373 3780 lant.
393 3706 565 3782 inscriptum
584 3705 668 3762 fuilre
712 3710 740 3773 ⁶,
763 3721 832 3784 249.
863 3713 916 3768 abi
937 3711 1044 3765 lemine
1072 3731 1194 3774 „omnes

182 3793 303 3851 ridetur
331 3796 367 3853 ele
397 3795 569 3855 imitatione.
606 3808 666 3864 quo
708 3793 813 3869 implet
827 3803 983 3852 numeros“·
1002 3794 1193 3872 palaestricoe.

180 3876 280 3934 indice
294 3896 497 3937 memoretura
508 3873 665 3931 Scholialie
708 3879 757 3933 eui
772 3877 838 3936 loco
852 3899 913 3936 non
927 3876 1190 3937 melePoreellinue

96 3987 98 3994 ,
178 3961 376 4038 Hermogenis
395 3963 429 4022 ei
444 3960 502 4036 erpi
517 3959 663 4035 partiretur·
706 3963 820 4018 confert
848 3964 970 4019 alterum
1003 3966 1131 4036 ejusdem
1159 3977 1188 4032 5,

176 4043 248 4106 Vid.
270 4044 393 4120 Teylori
420 4049 515 4105 Lectt.
541 4045 608 4121 Lyt
631 4063 661 4119 p·
709 4062 787 4111 122..
805 4048 914 4123 inquo
930 4046 1097 4105 structorem
1107 4069 1187 4103 men·

98 4204 110 4223 a
176 4126 288 4206 (nuk)
307 4129 376 4188 162.
702 4129 890 4196 &involuti
903 4130 1047 4191 cultello‘·
1060 4132 1186 4199 et,.chi·
