2558 5236
221 354 255 403 x
528 328 869 401 Ptttttterlu

223 535 338 613 illius
347 532 399 611 ud
411 550 765 638 mepervenerunt.
781 538 827 610 In
837 536 1126 636 quibueprimo
1136 538 1227 645 luco

224 669 296 746 ille
308 692 438 768 pono,
467 669 631 767 quaein
655 670 791 745 locum
809 669 1023 769 quemdam
1036 669 1157 772 primi
1176 671 1226 743 li-

199 788 202 797 ’
226 802 296 877 bri
312 827 403 876 meo
424 800 589 900 quidem
613 799 766 893 iudicio
791 798 995 898 ingeniose
1014 803 1162 901 pariter
1182 826 1226 874 ae

224 958 320 1008 vere
333 957 354 1006 a
369 930 410 1009 se
424 948 558 1009 notata
572 958 728 1009 mecum
748 957 820 1034 per
840 934 985 1009 litteras
1000 935 1226 1010 communi·

219 1067 328 1142 eavit
351 1067 415 1143 rit
439 1067 484 1141 in
507 1063 585 1139 hoc
608 1065 831 1143 litterarum
854 1090 997 1165 genere
1017 1066 1225 1140 celeberri·

220 1222 313 1279 mue
325 1199 370 1274 C.
386 1200 431 1272 G.
452 1196 671 1274 Sclriitzius.
730 1197 858 1272 Verba
873 1198 1112 1301 Quintiliani
1128 1197 1224 1273 haec

219 1325 312 1406 funt
326 1332 356 1417 1,
380 1356 416 1433 r,
436 1352 501 1426 27.
532 1331 660 1417 „Cum
677 1335 870 1420 veroium
891 1327 1038 1405 ductus
1057 1328 1224 1428 (litteru-

220 1464 357 1560 „rum)
376 1457 491 1559 sequi
507 1460 682 1560 coeperit
702 1459 852 1561 (puer),
879 1484 964 1535 non
985 1460 1129 1539 inutile
1147 1460 1223 1534 erit

216 1589 488 1680 „eurabeltre
497 1615 618 1692 quarn
632 1591 781 1696 optime
791 1586 974 1691 insculpi,
988 1607 1036 1666 ut
1048 1615 1120 1697 per
1128 1592 1221 1669 illos

214 1722 355 1817 „velut
368 1720 499 1801 sulcos
516 1721 687 1802 ducatur
704 1718 826 1799 stilae
879 1724 987 1800 Nam
1004 1746 1137 1825 neque
1158 1749 1219 1799 er-

215 1854 362 1945 „rubit,
391 1851 731 1959 quemadmodum
763 1854 808 1931 in
837 1857 936 1933 cerie
970 1852 1220 1957 (continebi-

214 1962 306 2076 „tur
331 1986 442 2061 enim
472 1987 662 2087 utrinque
688 1981 957 2091 marginibus)
992 2012 1125 2084 neque
1152 2013 1219 2063 ex·

212 2114 606 2223 „trupruescriptum
635 2119 791 2221 poterit
804 2118 959 2219 egredi;
989 2135 1029 2194 et
1048 2088 1217 2199 celerius

154 2312 157 2317 .
212 2276 279 2342 „ae
307 2247 460 2357 saepius
487 2247 691 2355 sequendo
720 2266 823 2329 certa
847 2249 1010 2352 vestigia
1026 2248 1215 2332 formabit

82 2379 88 2385 ’
210 2383 442 2473 ,articulosr
498 2409 631 2482 neque
661 2386 791 2483 egebit
822 2383 1021 2478 adjutorio
1047 2409 1214 2462 manum

209 2513 343 2600 „suum
378 2537 500 2588 manu
536 2510 839 2637 superimppfita
876 2514 1089 2611 regentur
1149 2514 1213 2591 Au

207 2644 305 2721 haec
334 2667 434 2719 cum-
454 2641 710 2747 Spaldiugius
737 2643 955 2729 annotarit,
1002 2642 1104 2740 quid
1131 2643 1211 2722 hoa

206 2800 329 2875 aeque
355 2790 472 2853 extra
487 2768 772 2881 praescriptum
796 2778 943 2873 poterit
971 2777 1109 2880 egredi
1129 2774 1211 2855 dif-

205 2906 328 2987 ferret
353 2908 403 2985 ab
433 2907 507 2987 illo
533 2932 657 3008 neque
679 2902 844 2995 errabit,
887 2903 1019 2985 dicere
1053 2905 1095 2987 se
1120 2936 1208 2988 non

203 3038 323 3145 palie,
350 3036 425 3115 effe
454 3055 587 3115 umen
613 3040 659 3115 in
687 3039 876 3117 omnibus
900 3036 1036 3121 codd:
1080 3037 1206 3120 offen·

202 3172 387 3253 timum
409 3170 582 3247 removit
599 3170 810 3249 Schirtzius
837 3172 970 3250 verbis
994 3169 1049 3247 src
1066 3171 1208 3251 distin·

201 3304 389 3407 guendir:
421 3306 537 3379 Nam
556 3328 679 3401 ireque
697 3299 856 3393 errabit,
882 3306 1204 3403 quemadmodum

198 3443 238 3513 iu
266 3441 363 3515 ceris
392 3430 659 3535 (continebitur
687 3438 786 3513 euim
814 3440 993 3535 utrinque
1012 3443 1202 3544 margini·

197 3567 268 3647 bas
298 3594 421 3671 neque
445 3582 561 3644 extra
570 3558 856 3677 praescriptum
871 3574 1018 3671 poterit
1031 3571 1200 3675 egredi),

195 3718 235 3776 et
270 3701 430 3778 celerius
463 3726 512 3775 ac
532 3691 700 3809 saepius
717 3691 922 3809 sequenda
949 3715 1056 3776 certa
1077 3692 1200 3808 vesti·

194 3836 269 3938 gia
289 3826 489 3939 serenabit
515 3826 711 3908 articulos.
737 3833 787 3929 Iu
812 3832 962 3929 quibus
989 3826 1197 3931 postremis

194 3966 411 4064 neglectum
448 3988 471 4039 r
503 3960 735 4065 Spaldtngio
762 3960 1017 4063 scripturam,
1073 3990 1194 4067 quem

194 4120 288 4173 rum
319 4094 523 4197 plerisque
556 4094 670 4173 libris
703 4092 803 4173 Cod.
839 4095 974 4173 Turia.
1006 4120 1084 4199 pro
1114 4094 1194 4181 hoe.
1255 4086 1258 4091 ⁵
