2558 5236
46 253 50 275 '
162 312 239 407 45⁶
405 310 462 383 ru
486 310 589 382 sss.
615 295 936 403 omninum

166 503 335 608 paulum
346 496 747 584 commorantium‚ut
757 484 1188 573 etamictusfitdee'e'u·

169 621 264 703 tior,
282 630 321 690 et
339 617 526 717 protinus
544 611 697 713 aliquid
708 609 822 716 spatii
838 609 887 684 ad
907 608 1185 709 cogitandum.

115 733 302 822 ‚entiam
323 752 415 818 cum
431 727 668 823 adiudicem
683 752 759 803 nos
783 726 1119 822 convenerimus,
1145 744 1188 805 et

98 850 101 855 ’
174 843 376 924 consultus
392 859 551 946 praetor
566 834 789 945 permiserit
805 840 949 930 dicere,
977 864 1071 917 -non
1089 867 1187 945 pro-

172 965 284 1038 tinus
304 956 359 1035 est
378 960 686 1061 erumpendum,
712 955 780 1033 sed
804 951 933 1031 danda
954 954 1096 1035 brevis
1120 984 1188 1036 oo·

131 1076 135 1083 ’
174 1075 359 1182 gitationi
389 1101 510 1152 moro.
580 1075 689 1151 Mire
718 1073 832 1147 enim·
851 1069 1096 1146 auditurum
1126 1072 1188 1149 di·

176 1192 280 1267 cturi
298 1213 392 1266 cura
407 1191 585 1277 delectat,
613 1205 653 1263 et
667 1186 787 1282 judex
803 1183 843 1260 ie
858 1183 943 1286 ipse
958 1191 1186 1288 componit.

122 1312 267 1394 saeHoc
279 1307 470 1405 praecipit
484 1311 684 1382 Homerus
699 1303 827 1378 Ulixis
853 1301 1050 1400 exemplo,
1071 1331 1189 1403 quem

59 1438 62 1443 ’
167 1415 323 1533 stetiffe
335 1421 453 1497 oculis
472 1424 511 1494 iu
525 1436 671 1494 terrum
685 1410 847 1524 defixis,
862 1420 1101 1515 immotoque
1097 1413 1188 1530 sce·

172 1553 285 1638 ptro,
309 1529 538 1636 priusquam
567 1534 674 1609 illum
701 1533 941 1631 eloquentiae
967 1535 1187 1629 procellam

175 1643 415 1762 effunderet,
444 1648 551 1725 dicit.
614 1652 660 1722 ln
698 1647 772 1722 hec
802 1648 1059 1722 cunctatione
1095 1648 1188 1726 sunt

176 1761 372 1867 quaedam
386 1788 470 1840 uon
485 1763 725 1853 indecentes,
746 1777 793 1840 ut
810 1762 1009 1864 appellent
1028 1761 1189 1858 scenici,

177 2011 284 2069 'I'uriu¹
443 2013 558 2085 paulum
572 2014 807 2086 commorandum.
821 2010 869 2067 eie
882 2008 1189 2091 Turic.Flor.Csm1s.

175 2095 297 2172 Reliqui
312 2090 351 2170 esi
365 2095 505 2154 infensus.
525 2114 553 2155 et
570 2112 701 2176 protenus
717 2097 794 2153 slm.

243 2242 312 2299 157.
334 2244 551 2289 converteremus
573 2234 672 2289 Turio.
693 2231 772 2289 tior.
789 2227 928 2305 consultus
950 2245 1066 2304 praeter
1085 2237 1189 2308 permi-

171 2311 243 2394 serit
258 2314 358 2371 Turio.
373 2316 475 2375 Ambr.
496 2333 525 2376 s.
549 2314 700 2393 consultum
721 2313 937 2392 praetermiserit
958 2315 1057 2375 Gueli.
1081 2319 1189 2395 consei-

177 2413 222 2456 tus
239 2397 393 2474 permiserit
409 2401 498 2458 Goth.
520 2407 593 2472 (tec.
615 2402 723 2474 Geiu.)
745 2402 844 2474 Csmp.
867 2420 935 2455 cum
958 2400 1038 2459 vos.
1059 2417 1087 2459 2.
1110 2403 1188 2465 stu.

177 2499 207 2538 et
229 2482 294 2538 edd.
317 2500 382 2539 ente
401 2487 492 2543 Stoer.
508 2486 635 2561 exceptis
650 2485 724 2545 Jeni.
748 2487 821 2552 (sac.
843 2485 946 2552 Geta.)
970 2501 998 2540 et
1017 2486 1110 2542 Terr.
1135 2488 1188 2564 qui

174 2563 313 2639 consultus
334 2569 557 2645 praetermiserit.
587 2571 663 2624 Mox
688 2590 775 2625 mora.
794 2572 839 2626 ira
859 2570 960 2626 Turic.
983 2568 1065 2628 Flos.
1082 2572 1187 2650 camp.

174 2648 315 2706 ¹sielectant
328 2651 429 2707 Turic.
444 2653 523 2710 Flor.
547 2656 677 2729 componi
693 2653 794 2708 Turic.

243 2795 313 2853 158.
344 2788 398 2841 imo
421 2799 536 2861 totoque
554 2788 656 2846 Ambr.
680 2802 709 2843 2.
737 2791 766 2844 in
788 2789 858 2843 hane
882 2792 1058 2844 mactatione
1082 2790 1186 2850 Turie.

174 2868 277 2926 Ambr.
293 2884 321 2926 2.
339 2868 557 2945 suspirationem
576 2872 677 2928 Turio.
692 2871 770 2930 flor.
784 2870 943 2947 suspitione
957 2871 1054 2928 Guelf.
1076 2895 1110 2929 ea
1125 2877 1187 2932 dt·-

176 2955 230 3008 tius
246 2955 346 3010 Turic.
360 2954 438 3011 Flor.
453 2957 554 3033 Camp.
569 2977 636 3013 cum
651 2957 728 3012 Alm.
743 2956 833 3013 Gothi
849 2957 928 3016 Voff.
949 2970 977 3010 2.
1000 2976 1032 3012 eo
1049 2959 1089 3013 di.
1106 2959 1183 3021 Jeni.

177 3053 246 3091 oum
263 3038 327 3093 edd.
342 3039 460 3111 postest.
478 3057 544 3096 ante
559 3041 644 3097 Bassi.
661 3043 711 3098 hic
730 3062 817 3117 eoque
832 3042 859 3095 d·
883 3060 951 3099 oum
968 3041 1084 3117 Gryph.
1103 3045 1184 3103 Gibi

177 3134 208 3174 et
224 3118 339 3195 aliquot
356 3123 526 3180 ommuni.
542 3146 576 3180 ea
591 3126 641 3179 diu
655 3128 730 3197 susus
743 3127 845 3182 Asubr.
857 3140 886 3183 2.

218 3331 248 3374 et
275 3323 391 3375 ansictus
407 3337 491 3379 -et
517 3330 653 3400 protinus.
699 3329 771 3404 quid
787 3331 809 3385 li
824 3329 1082 3406 postcogitansiam
1095 3333 1185 3393 intes·

174 3407 326 3482 Ingratum
348 3406 411 3461 iane
436 3407 488 3472 est,
518 3412 599 3484 quod
620 3413 655 3467 ad
698 3414 774 3470 cidit
791 3413 960 3490 contingat?

174 3491 284 3567 aliquit
306 3488 397 3566 spatii
421 3511 550 3568 repetere
575 3499 656 3571 cogi·
747 3513 814 3568 158.
838 3503 973 3556 Homerus
986 3499 1183 3561 Ulisis'em·

173 3595 244 3632 snur
246 3573 297 3650 fit,
310 3595 376 3630 cum
384 3579 549 3653 praeienim
556 3581 656 3655 priore
697 3586 757 3661 pio.
784 3584 864 3640 iliad.
881 3599 908 3654 3,
926 3600 995 3651 217.
1011 3585 1091 3664 seqq.

174 3658 242 3716 loco
262 3659 319 3715 sois
343 3661 392 3725 fit,
429 3681 517 3737 quem
539 3665 656 3731 dicunt,
742 3683 773 3724 us
795 3669 957 3743 appellant
964 3669 1078 3746 scenici.
1131 3677 1184 3732 flu·

175 3744 282 3821 copula
302 3745 337 3799 sd
355 3746 497 3803 decentior
510 3751 655 3823 pertinens
699 3757 791 3830 [picot
805 3754 1002 3817 demonstrari,
1022 3757 1076 3831 qui
1098 3778 1183 3834 prse-

102 3836 103 3840 ’
173 3827 308 3891 ith,1u·e
330 3829 655 3910 aliquamquoqueet·
698 3856 779 3914 cepte
808 3839 877 3893 daut
898 3840 1022 3896 sotionis
1046 3840 1183 3908 scenicae.

174 3912 280 3966 tributi
294 3932 405 3986 partem
427 3918 547 3994 expleat.
591 3921 655 3975 Nec
698 3921 796 4000 quales
845 3923 977 3981 vidimus
1028 3944 1182 3985 oratorum

173 4008 271 4050 temen
291 3997 456 4065 Geliseum.
477 4019 542 4059 ente
555 4009 654 4076 proti·
697 4024 792 4063 sctum
801 4024 933 4081 regentes
941 4007 1181 4082 misicorum&

171 4097 223 4136 aas
234 4079 405 4139 mucorem
412 4084 463 4162 fit,
477 4088 582 4164 probo.
598 4090 654 4145 Sed
695 4092 761 4149 Nifi
784 4091 860 4148 iorte
882 4093 991 4149 rectius
1007 4093 1182 4174 intelligun-
