2558 5236
170 331 246 406 net
411 314 470 385 Μ.
494 311 596 383 mn
623 304 943 403 nummum

169 501 281 581 cause
313 502 519 579 videretur
547 494 696 586 facere,
727 503 863 572 contra
884 518 996 595 quos
1022 493 1182 575 diceret

114 631 155 701 86
169 618 278 695 lllud
299 621 416 694 etiam
436 619 481 691 in
495 615 593 708 jocis
610 614 775 701 monui,
800 636 922 710 quam
937 615 1081 713 turpis
1099 612 1181 692 ellet

168 734 355 812 fortunae
376 729 599 808 insectatio:
651 745 691 804 et
711 752 762 801 ne
792 729 837 801 in
859 742 973 804 totos
1000 728 1179 823 ordinet,

169 867 240 927 out
261 852 422 951 gentio,
450 861 520 921 aut
535 847 733 947 populos,
760 843 989 943 petulantia
1004 846 1179 925 incurre-

167 982 237 1041 ret.
296 965 373 1041 Sed
395 964 559 1039 interim
582 958 681 1036 fides
699 958 915 1060 patrocinii
931 962 1051 1061 cogit
1069 988 1177 1063 qnae·

165 1082 260 1156 dam
277 1083 328 1157 de
348 1074 536 1154 universo
551 1101 696 1176 genere
709 1074 943 1174 aliquorum
960 1074 1175 1157 hominum

164 1198 319 1286 dicere,
351 1195 418 1270 vel
444 1194 745 1277 libertinorum,
779 1189 847 1263 vel
867 1190 1086 1284 militum,
1118 1196 1172 1273 vel

107 1332 148 1394 87
165 1314 492 1415 publicanorum,
518 1306 586 1382 vel
600 1305 781 1381 [imiliter
795 1304 1001 1382 aliorum:
1033 1312 1083 1387 in
1096 1312 1170 1411 qui-

162 1429 239 1503 bus
261 1426 452 1505 omnibus
480 1447 695 1498 commune
709 1419 935 1498 remedium
954 1421 1032 1515 est,
1063 1442 1167 1515 uter,

161 1565 264 1639 quae
284 1538 470 1626 laedunt,
500 1563 583 1612 non
605 1537 777 1612 libenter
791 1551 961 1612 tractare
981 1534 1165 1633 videntia

159 1656 292 1733 necin
308 1654 444 1728 omnia
461 1653 659 1751 impetum
673 1650 804 1741 facias,
832 1648 901 1726 fed
918 1655 968 1729 in
986 1654 1048 1747 id,
1072 1656 1165 1761 qnod
1202 1750 1205 1755 Ι

160 1766 475 1870 expugnandum
492 1765 564 1858 est3
582 1782 622 1841 et
634 1765 946 1870 reprehendens,
964 1771 1051 1851 alia
1066 1772 1164 1854 laude
1203 1846 1205 1851 ,

157 1997 255 2056 Guelf.
278 2000 348 2055 Exe.
372 2002 486 2055 Senten.
509 1999 609 2072 camp.
629 1995 739 2073 secutus
758 2016 827 2054 eum
841 1994 923 2054 vett.
940 2012 976 2058 α.
998 2004 1162 2067 (301th

155 2084 245 2145 Tarv.
275 2085 416 2141 Nostrum
432 2106 447 2140 e
463 2086 647 2141 correctione
663 2084 757 2159 Regii
793 2080 933 2156 Suspicor
946 2084 1044 2145 tuitre
1058 2090 1161 2167 conseo·

156 2182 215 2233 tus,
235 2188 303 2225 cum
317 2171 428 2244 primae
442 2168 567 2244 syllabae
585 2169 793 2243 compendium
811 2164 896 2221 facile
913 2172 1085 2231 excideret.
1098 2174 1160 2243 elil.

154 2267 190 2321 ὅ,
206 2267 234 2321 5.
261 2274 317 2316 ro,
337 2274 370 2319 t,
388 2264 438 2325 25.
459 2254 510 2310 hic
526 2258 552 2327 p.
569 2266 618 2327 93.
649 2254 743 2308 Modo
759 2250 861 2311 Turio.
878 2253 903 2304 is
917 2274 980 2333 pro
998 2258 1053 2322 leis.
1067 2274 1160 2317 aner

152 2336 232 2393 idem
250 2358 319 2394 cum
333 2337 412 2396 Flor.
432 2338 529 2395 Guell.
546 2338 636 2394 dicere
647 2356 701 2413 pro
720 2338 831 2393 diceret.

216 2490 266 2557 36.
291 2493 371 2558 jocis.
401 2491 502 2546 Turio.
523 2490 601 2545 Flor.
624 2490 721 2546 Gucll.
745 2493 819 2545 Exc.
839 2491 961 2549 Senten.
982 2496 1089 2577 comp,
1105 2498 1157 2555 lecit

152 2590 220 2627 cnm
237 2573 326 2628 Goth.
342 2575 420 2628 Vols.
435 2588 460 2627 2.
477 2589 506 2628 et
522 2574 745 2634 edd.anteA1d.
762 2575 870 2648 Regiae
886 2582 1040 2639 correxit.

236 2671 320 2712 totos.
347 2659 447 2713 Turio.
470 2656 550 2713 Flor.
570 2657 668 2719 Guell,
699 2674 768 2715 toto.
789 2677 862 2714 mox
882 2681 943 2735 pro
961 2664 1051 2737 fides
1075 2668 1153 2727 Tuie

148 2738 227 2797 Flor.
238 2740 352 2814 fideles,
370 2764 407 2798 ex
422 2741 501 2797 Alm.
517 2755 623 2797 tractes.
649 2760 710 2798 tum
727 2747 822 2799 interit
837 2746 946 2803 Turio.

230 2826 488 2883 bominumGuell.
504 2829 574 2881 Exc.
590 2831 705 2889 Senten.
723 2829 873 2885 omittunt.
1063 2834 1150 2897 „llil

147 2912 194 2967 stc
208 2913 282 2970 Jenl.
302 2914 366 2977 (tac.
385 2914 483 2979 Gelu.)
503 2931 569 2967 cnm
586 2912 650 2968 edd.
661 2914 781 2988 polierr.
796 2928 861 2967 ante
877 2916 1004 2995 Gryph.
1041 2924 1095 2982 sed
1107 2922 1150 2979 Τι·

145 2996 198 3049 ric.
214 2995 292 3051 flor.
308 2997 403 3053 Guelf.
425 3000 497 3050 Exc.
513 2999 628 3052 Senten·
647 2998 736 3052 Goth.
753 3000 820 3069 (tec.
837 2998 940 3067 Gelu.)
957 3008 1067 3085 camp,
1082 3006 1149 3065 on'u·

148 3093 215 3131 tunt
228 3080 346 3134 veleum
356 3082 434 3137 Vott.
446 3095 473 3134 α.
496 3081 616 3155 Reliqui
633 3095 664 3135 ot
677 3082 725 3136 lib.
738 3083 773 3137 cf.
784 3098 811 3154 9.
822 3092 849 3151 d.
860 3096 910 3151 53.
936 3090 992 3146 ste
1000 3111 1032 3151 et
1045 3100 1147 3161 ¹¹25&

146 3162 192 3214 vel
206 3162 347 3217 omittunt
365 3164 465 3219 Turio.
477 3154 559 3220 l‘lor.
578 3167 642 3236 (etli
658 3166 737 3221 hice
754 3168 802 3222 lec.
819 3188 858 3225 m.
878 3178 1020 3248 reponit,
1043 3179 1089 3235 ted
1100 3190 1146 3231 eut·

144 3243 301 3320 Equidem)
317 3266 384 3303 cum
398 3248 476 3306 Abu.
999 3266 1003 3277 '

210 3407 261 3465 87.
281 3399 404 3457 laedunt.
426 3402 523 3460 Gueli.
544 3403 615 3457 Exc.
636 3406 750 3460 Senten.
766 3404 871 3477 legunt.
1076 3432 1144 3493 [φ

141 3482 271 3538 leudem.
290 3486 388 3545 Turio.
411 3487 490 3545 Flor.
507 3494 521 3559 (
532 3487 583 3543 hie
602 3509 617 3543 e
637 3490 689 3547 lec.
706 3509 746 3547 m.
772 3489 853 3546 addit
877 3513 909 3549 re
932 3512 964 3553 et
989 3500 1033 3559 fic
1046 3498 1144 3577 emp-l

183 3686 233 3753 86.
262 3688 294 3740 ln
315 3690 388 3757 jocis
410 3692 513 3745 nronui.
545 3691 622 3754 „Su·
666 3688 766 3745 derant
781 3691 933 3752 VV-DD.
952 3704 1141 3761 accusativa

137 3786 209 3841 „pre
236 3772 269 3830 6,
286 3787 322 3840 5,
342 3785 390 3844 ηε.
421 3777 453 3829 In
475 3773 622 3829 calamita·
664 3775 760 3830 Facile
784 3775 876 3831 luerit
895 3798 957 3854 pro
972 3801 1140 3867 etrepom

136 3867 213 3912 „tem
235 3857 280 3910 uti
296 3859 425 3914 ridiculo
442 3860 622 3914 vetetetiam
663 3861 758 3937 quode
796 3861 902 3917 deinde
932 3869 1044 3929 malim
1072 3886 1140 3950 peu!

136 3936 217 3994 „Ciu
234 3940 315 3996 Oret.
330 3961 355 3995 c.
371 3945 447 3998 πόμ’
469 3941 620 3998 Gesnerue·
661 3965 796 4020 premens.
830 3947 975 4009 Franciue
994 3960 1138 4031 conjicite

134 4019 204 4074 vide
220 4042 247 4079 et
265 4025 292 4085 6,
310 4040 338 4091 3,
356 4041 404 4093 54,
659 4050 732 4090 ear.
767 4028 906 4085 Rolliuue
925 4044 1137 4115 coquam.

176 4115 227 4175 87.
249 4124 277 4164 et
291 4112 499 4183 reprebendens.
534 4112 618 4169 Deli·
659 4114 717 4171 Sed
737 4111 892 4189 [iugularit
915 4128 1068 4197 praelier,
1087 4140 1137 4205 ρ
