2558 5236
164 357 244 448 446
412 350 468 420 tr.
493 348 594 418 riu.
622 305 936 444 Qururrturtr

15 541 23 574 ²
168 548 283 640 cujus
299 554 521 616 extremam
548 560 659 613 oram
683 529 852 629 rejecille
880 556 965 606 non
994 527 1176 607 dedecet.

1 639 2 647 ἵ
112 691 161 755 241
170 658 328 759 Operiri
344 672 476 734 autem
490 655 705 731 humerum
722 676 813 724 cum
827 662 912 724 toto
928 647 1077 746 jugulo
1092 673 1177 723 non

169 784 343 876 oportet,
379 771 531 868 alioqui
547 770 712 842 amictus
730 762 796 839 liet
811 758 1022 862 angustus,
1052 778 1095 836 et
1116 762 1175 837 di·

166 891 375 989 guitatem,
403 892 505 986 'quae
523 881 577 957 cst
593 885 637 957 in
651 878 862 956 latitudine
880 879 1068 977 pectoris,
1086 903 1173 978 per·

167 1003 244 1077 det.
305 999 516 1076 Sinistrum
539 998 747 1072 brachium
777 1017 973 1092 eousque
996 992 1173 1068 allevan-

40 1136 44 1142 ’
161 1116 266 1194 'dum
290 1113 364 1206 est,
391 1131 438 1194 ut
462 1111 573 1215 quali
593 1113 813 1190 normalem
833 1109 955 1183 illurn
971 1110 1171 1208 angulum

233 1295 304 1350 ¹4¹·
336 1281 451 1358 alioqui.
476 1278 576 1336 Ambr.
600 1292 628 1333 2·
658 1279 755 1353 aliqui.
787 1271 884 1330 Gueli.
916 1268 1067 1346 angustior
1106 1293 1169 1330 eunt

163 1388 255 1443 marg.
284 1366 386 1430 Basilt
427 1363 531 1442 placet.
554 1365 657 1417 amictu
675 1363 749 1423 Jeni.
771 1358 926 1443 cum‘edd.
953 1357 1077 1430 polierr.
1108 1375 1167 1413 tute

162 1458 257 1509 Stoer·
301 1452 376 1504 Mox
387 1449 480 1523 perdit
494 1447 594 1504 Turic.
610 1447 690 1503 Flor.
703 1446 805 1502 Ambr.
820 1457 849 1499 Ω.
866 1440 963 1498 Gueif.
980 1441 1075 1499 Goth.
1096 1444 1164 1504 Jent

162 1540 230 1606 (tac.
246 1532 344 1605 Gelu.)
368 1535 465 1607 Catnp.
484 1550 551 1584 cum
569 1532 633 1587 edd.
650 1548 714 1587 ante
729 1529 798 1586 uad.
819 1523 898 1602 istum
919 1525 1021 1583 Guelf.
1041 1529 1166 1604 angela

160 1620 240 1674 flor.
253 1617 355 1672 Ambr.
371 1631 399 1672 2.
415 1614 503 1690 supra
521 1616 597 1691 quod
618 1615 707 1672 Gotb.
732 1621 801 1684 (tac.
817 1613 915 1688 Gelu.)

76 1795 78 1800 .
160 1752 280 1808 demum
292 1749 420 1806 humero
436 1749 521 1822 injici
539 1747 590 1808 bic
605 1749 640 1806 [i-
682 1749 801 1805 ru'strum
817 1751 975 1806 humerum
990 1748 1065 1806 duci
1079 1750 1163 1806 olien-

158 1822 214 1892 ruri
229 1835 338 1890 debeat.
379 1835 488 1889 Haeret
503 1835 640 1890 autemin
682 1835 736 1904 dit,
746 1851 781 1890 ut
796 1833 935 1892 sinistram
950 1832 1089 1890 laciniam
1104 1835 1162 1892 tub·

159 1921 263 1976 dextro
289 1917 471 1995 'plerumque
507 1938 640 1976 vetcrrun
682 1935 742 1986 eet,
773 1939 863 1995 eaque
899 1932 1032 1991 tegatur,
1060 1936 1162 1994 neque·

157 2004 312 2059 statuarum
329 2003 638 2082 humerotogaeparr,
667 2019 894 2081 [qnam'eutcm
923 2002 1099 2075 imponetur
1126 2004 1162 2057 ei·

112 2152 113 2160 ἵ
157 2090 276 2144 reducta
294 2086 347 2143 iile
369 2109 384 2142 e
404 2087 482 2144 collo
510 2109 563 2145 uec
583 2091 646 2147 nili·
681 2093 764 2155 dem3
794 2088 875 2165 quod
911 2085 1030 2144 fortaffe
1068 2105 1162 2144 coum

156 2173 270 2228 [ummo
290 2172 349 2229 iere
378 2186 461 2248 tergo
485 2173 638 2248 applicita,
680 2176 738 2233 fult
772 2177 805 2230 in
832 2169 888 2226 illo
911 2171 1111 2238 Graecorum,
1136 2187 1163 2228 et

156 2277 245 2333 quam
267 2256 317 2312 bic
337 2278 352 2312 a
369 2256 464 2339 p'oltro
479 2259 637 2333 [ignificari
678 2261 808 2318 Platonis
844 2254 1011 2331 imprimit.
1050 2255 1162 2317 ὅτιδὶξω

154 2341 354 2418 plenecredo.
398 2344 636 2403 Remittuucum
679 2342 902 2415 ἅναβᾶλλισθαι,
946 2339 1075 2417 dequo
1097 2343 1161 2396 vide

154 2426 284 2501 primum
304 2427 459 2492 arnicimur
468 2444 534 2499 toga
544 2443 573 2481 et
589 2451 637 2483 an·
679 2429 787 2484 Heind.
810 2426 844 2479 ad
865 2424 1015 2479 Theaetet.
1038 2447 1070 2502 p.
1094 2435 1161 2491 eoo.

155 2524 272 2581 tequam
302 2510 352 2565 [ub
381 2511 487 2566 dextro
516 2511 548 2565 iu
568 2512 640 2566 fini-'
677 2516 748 2570 item
770 2512 956 2584 Bottigerum
977 2511 1014 2563 ad
1028 2512 1094 2566 resa
1106 2510 1161 2562 112·

152 2591 637 2668 strumbumerorugacillaecon·
678 2596 851 2652 miltoniena
876 2610 903 2653 2,
930 2613 960 2667 p.
987 2606 1038 2662 55.
1085 2591 1160 2669 Quid

152 2691 304 2752 geruntur,
330 2694 429 2732 exerto
443 2698 514 2732 mox
530 2678 635 2737 dextro
677 2683 712 2738 [it
731 2684 842 2750 rejicere
862 2691 1015 2732 extremam
1036 2701 1115 2737 oram
1124 2674 1160 2752 fi·

90 2819 92 2823 ,
151 2760 273 2817 brachio
290 2763 497 2824 continendae,
520 2766 635 2839 imponi
678 2788 737 2830 nus,
755 2764 829 2820 iufra
845 2763 1061 2834 disputabimus
1086 2761 1159 2829 edi·

151 2846 261 2901 necelle
285 2847 324 2900 est
344 2867 402 2901 une
423 2866 584 2924 cuniperto
600 2851 634 2903 fi·
681 2861 748 2923 144.
792 2849 1158 2913 Fateorrutemhicmt·

151 2931 247 2985 nistra.
261 2931 366 3003 Neque
383 2933 470 2995 cuim,
488 2953 547 3008 quo
564 2951 636 2990 tem·
676 2938 755 2990 xime
784 2932 860 2988 mihi
890 2951 996 3004 aquam
1025 2933 1157 2991 haerere»

150 3031 224 3088 pore
239 3011 393 3067 brachium
413 3017 488 3079 veste
503 3020 633 3073 contine·
676 3041 743 3076 cum
765 3017 922 3073 circuitum
947 3035 1069 3074 omnem
1091 3016 1156 3073 ami·

151 3095 249 3156 betur,
264 3093 348 3150 aliter
362 3098 447 3168 injici
460 3104 632 3173 togapotuit
676 3121 738 3160 ctue
774 3100 866 3157 oculit
900 3102 1038 3174 persequi
1066 3103 1156 3180 adbuc

150 3199 240 3256 quem
275 3193 308 3232 ut
335 3182 444 3253 pariter
473 3185 631 3260 utrobique
674 3189 794 3264 quidem
803 3205 987 3259 nequaquam
998 3188 1079 3243 mihi
1091 3205 1155 3242 cou-

150 3261 264 3318 collum
291 3263 419 3328 velarett
447 3285 520 3340 quae
550 3266 630 3334 rr'rox,
674 3273 780 3346 tigerit.
802 3269 912 3325 &olatio
928 3283 1026 3326 tamen
1045 3272 1084 3329 est
1096 3269 1155 3327 Gei-

149 3345 289 3403 liberiore
314 3349 419 3423 agendi
446 3371 528 3407 more
554 3354 630 3408 obti-
672 3358 737 3410 ueri
761 3358 795 3410 de
816 3354 841 3408 ie
861 3354 939 3408 idem
958 3355 1078 3414 intentis
1094 3358 1153 3412 sun·

88 3479 92 3489 .
148 3448 245 3495 trente,
261 3449 293 3487 ut
308 3434 405 3488 minut
419 3435 452 3489 in
467 3456 570 3510 genere
581 3441 630 3492 atl-
671 3439 795 3516 pliciter.
840 3437 1152 3517 Gallaeuscxpungeu·

148 3518 317 3582 ducebatur,
334 3520 373 3573 ita
392 3539 407 3572 a
423 3522 525 3577 dextro
539 3524 629 3577 maxi·
672 3526 717 3579 dis
732 3544 787 3600 pro
808 3522 896 3597 glolla
914 3522 1016 3581 verbio
1034 3529 1153 3596 injicien-

146 3621 194 3657 me
211 3602 289 3658 collo
304 3603 464 3661 recedebat.
489 3608 556 3680 Quo
573 3609 628 3662 mi·
671 3610 721 3662 dus
749 3610 860 3663 humero
891 3610 966 3675 cnjus
991 3611 1151 3666 faciliorem

146 3707 203 3743 nus
237 3704 347 3750 temen.
397 3709 464 3744 cum
494 3693 627 3747 ferrario
669 3691 1149 3755 lanenancilciturimirationem,

145 3770 287 3845 aliisque.
317 3775 412 3828 linum
440 3775 490 3829 hic
512 3772 626 3850 finifiro
668 3776 714 3830 led
735 3778 803 3839 luo,
824 3777 846 3830 i.
872 3796 896 3831 e.
914 3780 1089 3841 temerario.
1111 3797 1149 3833 rt·

29 3866 33 3875 “
144 3852 270 3910 humero
292 3858 483 3930 injiciendum
496 3861 625 3935 praecipi
667 3860 777 3918 medio,

142 3954 258 4014 putem,
283 3943 374 3997 obstat
407 3946 532 4019 aspectus
566 3945 625 4019 ipse

143 4038 281 4098 togarum
303 4028 335 4079 in
350 4027 465 4089 statuis,
489 4029 541 4101 qui
556 4028 624 4082 dex·
714 4031 1146 4105 141.normciem-atrgulut1·

142 4123 217 4166 tram
232 4111 317 4167 vestis
330 4110 466 4170 incutiam
487 4113 529 4170 itt
541 4112 574 4170 iu
589 4113 624 4170 li·
667 4112 727 4190 Qui
747 4113 784 4173 fit
806 4136 821 4176 e
842 4115 949 4175 lacerto
970 4131 1000 4173 et
1018 4117 1148 4174 brachio.
