2558 5236
100 345 206 420 293
241 406 242 411 Ν
327 396 339 415 s
371 326 427 394 m.
455 324 894 421 rue.qu1nrrt1rn1

52 500 55 505 ¹
96 515 268 589 -derare
293 520 482 607 majorem
508 513 553 586 in
581 513 748 588 modum
781 511 1022 587 dicebantur.
1080 518 1130 589 Et

23 641 28 651 ‘
130 629 222 702 illos
240 622 406 726 quidem
426 652 510 703 non
527 629 696 716 invenit,
718 625 833 702 fuille
852 644 982 701 tamen
1000 645 1131 727 gratos

53 762 116 818 *ιδ
131 768 221 842 erga
235 741 274 818 se
294 727 391 821 deos
415 746 525 820 exitu
542 745 743 846 comperit.
801 745 907 817 Nam
926 744 993 821 vix
1010 768 1059 823 eo
1081 745 1130 818 li·
1138 758 1182 839 936

129 882 224 932 men
250 853 417 960 egrelso‚
445 859 664 934 triclinium
689 858 795 933 illud
812 855 927 957 supra
942 860 1133 936 convivas

130 975 302 1064 corruit,
331 991 450 1073 atque
464 978 519 1048 ita
535 973 730 1063 confudit,
758 989 903 1049 utnon
921 998 989 1049 ora
1005 973 1133 1050 modo

130 1089 418 1192 opprellorum‚
437 1088 504 1164 sed
522 1091 698 1166 membro
715 1091 832 1165 etiam
848 1091 982 1165 omnia
999 1092 1133 1189 requi·

124 1221 260 1282 rentes
286 1203 336 1279 ad
370 1203 613 1306 sepulturam
640 1206 862 1308 propinqui
894 1204 1006 1279 nulla
1037 1220 1131 1278 notu

40 1382 42 1389 ,
124 1317 281 1423 pollent
301 1317 532 1395 discernere.
597 1327 704 1396 Tum
726 1319 949 1395 Simonides
982 1318 1131 1394 dicitur

127 1460 283 1558 memor
311 1434 453 1511 ordine
478 1461 560 1535 quo
583 1436 753 1535 quisque
775 1435 1028 1510 discubuerat
1045 1461 1129 1511 cor·

107 1698 110 1705 ,
194 1667 240 1709 12.
266 1653 294 1704 in
319 1652 438 1706 modum·
462 1648 663 1706 TuriulFlor.
686 1650 749 1713 (hic
766 1671 839 1725 apr.
856 1652 911 1716 m.)
928 1652 945 1701 i.
962 1651 1057 1705 domo.
1080 1651 1130 1719 (et

125 1737 251 1796 riciffim
275 1745 301 1811 §-
316 1735 365 1809 46.
389 1738 472 1791 modo
488 1735 587 1789 Turio.
603 1733 681 1788 Flor.
696 1736 796 1793 Ambr.
811 1750 840 1788 2.
862 1734 957 1792 Gnelt.
974 1737 1045 1791 Exc.
1061 1739 1128 1790 San·

112 1840 185 1905 ⁸ten·
218 1825 318 1898 camp.
337 1821 419 1876 'cum
441 1820 516 1875 Alm.
543 1818 594 1874 ubi
619 1817 800 1890 frequentem
830 1820 904 1875 hanc
927 1820 1128 1875 confusionem

124 1907 241 1965 testatur·
263 1910 363 1962 Burm.
390 1906 425 1961 cf.
446 1902 931 1979 Drakenb.edLir.59.13.3.).
954 1907 1000 1957 Ex
1014 1904 1092 1960 Alm.
1109 1910 1128 1960 i.
1164 1906 1169 1924 ⁸

123 1994 209 2048 lomo.
242 1992 331 2048 Gotlr.
360 1987 586 2065 desiderabantur
609 2002 688 2062 apr.
713 2010 753 2043 m.
777 2009 848 2045 mox
871 1990 1126 2064 subterpungendo

121 2075 241 2140 sustulit,
271 2071 504 2150 necquidquam
527 2072 750 2147 reposuit'strn
769 2076 877 2141 Gelu).
1048 2075 1125 2128 deos.

122 2160 225 2218 Guelt
238 2164 337 2237 Camp.
360 2179 407 2214 eos
422 2178 488 2213 cum
504 2158 581 2213 ltm.
599 2174 634 2212 ut
648 2155 750 2221 fertur,
774 2178 859 2232 quem
877 2176 1050 2213 tamencum
1064 2159 1124 2214 Tu·

121 2247 176 2300 ric.
190 2247 268 2303 Flor.
285 2247 414 2303 nostrum
432 2244 498 2298 dare
514 2243 655 2318 suspicor.
684 2243 765 2316 quod
779 2243 813 2298 ab
830 2243 903 2298 Obr.
918 2245 985 2298 inde
1001 2243 1125 2299 obtinet.

121 2329 245 2404 Reliqui
265 2334 424 2393 omittunt3
446 2326 482 2382 ad
500 2348 573 2402 quos
595 2327 684 2381 rediit
700 2330 821 2402 Capper.
835 2346 885 2382 cor
904 2329 956 2382 ille
976 2329 1125 2384 Zenodoti
1183 2343 1186 2357 ¹

122 2432 183 2468 non
200 2415 307 2471 habens
320 2437 373 2471 nec
385 2416 467 2486 jecur
483 2413 616 2468 Cratetis.
660 2415 843 2466 Burmannus
860 2414 993 2468 [imiliter
1009 2413 1125 2469 confusa

122 2496 310 2562 demonstrat,
334 2517 367 2554 ut
387 2495 463 2572 apud
484 2497 551 2551 Liv.
569 2518 594 2556 r,
613 2509 662 2558 21,
681 2510 708 2562 3.
721 2497 782 2552 ubi
805 2513 898 2552 tamen
915 2518 976 2553 non
997 2498 1126 2553 admittit

121 2580 270 2637 Drakenb.
281 2581 343 2658 sese
358 2583 471 2636 dantem
490 2579 562 2635 Obr.
578 2599 636 2633 non
652 2581 757 2654 probe.

82 2678 87 2703 ¹
188 2696 235 2751 ¹3·
258 2705 291 2740 eo
315 2686 406 2738 limen.
433 2681 511 2735 Flor.
535 2681 635 2735 interit
656 2683 744 2745 ultra,
769 2702 836 2736 eum
853 2682 930 2765 Alqr.
945 2704 1005 2740 uon
1024 2686 1125 2742 Turic.

121 2766 172 2835 (tf.
191 2765 239 2832 ri,
260 2792 286 2833 1,
303 2772 366 2837 78.)
394 2769 441 2823 De
455 2764 595 2820 structura
612 2783 741 2841 receptae
756 2768 825 2820 vide
843 2781 869 2834 5,
892 2788 939 2832 ιο,
955 2770 1005 2838 96.

206 2859 317 2911 corruit.
333 2851 432 2907 Turic.
454 2872 501 2904 cor
519 2848 587 2922 fuit.
754 2851 888 2924 confudit,
905 2865 944 2908 ut.
971 2855 1019 2909 stc
1034 2855 1125 2910 Goth.

121 2957 188 2993 cum
211 2941 289 3001 Voff.
305 2957 332 2994 2.
355 2935 441 2992 Bodl.
467 2954 495 2991 et
521 2934 584 2988 cdd.
607 2951 672 2988 ante
697 2934 838 2994 Ald..acc.
855 2939 924 2991 Bad.
944 2937 1126 3009 confunditur

119 3021 218 3076 Turio.
235 3025 313 3079 Flor.
330 3023 392 3088 (hic
408 3022 527 3094 quidem
541 3040 555 3072 a
571 3013 622 3073 see.
640 3021 692 3087 m.)
709 3021 809 3095 Camp.
829 3022 888 3094 (sed
904 3021 951 3076 hic
967 3023 1123 3092 subjuncto

120 3106 206 3159 etiam
223 3111 274 3172 ut).
291 3106 436 3178 confundit
451 3104 546 3159 Guell.
566 3103 684 3170 (omillo
701 3111 742 3172 ut)
760 3106 904 3179 confundit
920 3092 952 3159 ιιῖ
964 3103 1124 3160 Ι’Ἰοι·.οιιῐιι

117 3187 195 3242 Alm.
220 3190 489 3262 Reliqui'contudr't
510 3201 548 3242 ut.
588 3187 680 3241 Modo
694 3188 779 3264 super
796 3192 883 3247 Goth.
918 3191 990 3246 Mox
1009 3187 1124 3264 poffimr

117 3272 196 3327 flor.
211 3274 309 3348 finali.
339 3276 408 3328 Prae
425 3272 618 3326 contundendo
639 3290 736 3328 autom
750 3277 932 3330 Burmannus
947 3275 1034 3331 etiarn
1052 3295 1123 3349 pro·

115 3355 166 3412 bat
187 3357 333 3420 nostrum,
364 3357 511 3432 appellans
533 3354 634 3434 locum
646 3357 748 3415 ovid.
767 3360 887 3415 Metam.
904 3371 929 3426 5,
951 3371 999 3428 58.
1015 3361 1123 3434 suaque

115 3443 152 3497 ad
166 3444 337 3498 Petronium
356 3458 490 3497 annotata
505 3461 530 3499 c.
552 3455 619 3508 105.
794 3446 900 3501 ordine.
923 3444 989 3502 ΔΗ.
1013 3450 1051 3514 (e
1066 3448 1121 3500 ltu

159 3627 206 3681 ιδ.
231 3610 366 3686 confudit,
391 3627 433 3691 ut·
453 3610 513 3670 uon
547 3629 596 3666 ora
637 3612 718 3677 DD.,
744 3615 852 3691 ordinis
872 3615 1023 3690 praeferri.
1066 3607 1121 3670 Sed

15 3758 18 3770 1
110 3701 204 3757 modo.
221 3700 414 3756 cf.1rot.crit.
637 3717 674 3751 ne
705 3716 891 3774 transponere
920 3702 1040 3776 quidem
1068 3717 1120 3771 quo

142 3783 145 3786 ’
638 3784 736 3838 ordina
757 3788 870 3862 quisque
887 3787 936 3842 vel
958 3789 998 3842 iu
1014 3782 1120 3839 iutelli-

154 3870 251 3925 ordine
271 3892 325 3944 quo
348 3873 467 3946 quisque.
514 3873 593 3927 Haec
636 3885 704 3939 gere
723 3874 840 3936 attinet,
873 3873 917 3928 sed
936 3873 1058 3927 referam
1075 3888 1118 3920 or·

109 3971 175 4008 cum
207 3957 242 4011 stt
266 3960 394 4015 constane
423 3958 495 4013 libb.
518 3975 589 4013 vett.
634 3952 700 4007 dine
721 3957 754 4010 ad
776 3955 933 4033 reddidisse.
978 3958 1013 4010 In
1034 3953 1117 4006 omui

107 4037 265 4111 lcripmra.
296 4044 389 4099 nolim
410 4043 489 4097 illud
511 4040 593 4116 q'uod
635 4034 688 4088 elia
722 4041 835 4096 ratione
864 4045 921 4116 Qu.
945 4036 1117 4114 discubuiffet

39 4169 41 4172 .
66 4117 71 4123 ’
108 4125 275 4198 conjectura
286 4125 590 4188 commendaruntVV.
633 4121 791 4198 scripturus
805 4126 932 4190 videtur,
954 4124 1117 4181 nondiscu·
