2558 5236
169 334 246 407 250
410 316 468 389 Μ.
491 316 592 390 FAB.
620 317 935 414 QUINTILIANI

169 510 209 588 le
222 504 504 611 magnifacere
520 507 663 608 aliquis
682 511 904 609 poitarum,
930 523 1065 582 utrum
1088 507 1188 587 caea

157 622 239 739 sar
262 641 415 702 ateran
433 620 544 699 albus
569 616 771 733 bomosite.
790 621 952 698 insania·
980 640 1117 716 verte,
1144 640 1189 703 ut

169 742 279 818 idem
309 737 448 817 Caesar
477 738 529 814 de
559 740 633 815 illo
657 738 824 828 dixerit,
866 742 1098 838 arrogantia
1124 738 1188 817 est.

169 861 302 952 Major
315 857 360 931 in
377 852 553 956 personis
569 851 790 931 observatio
812 851 867 929 est
886 853 997 955 apud
1015 857 1188 957 tragicos

171 974 437 1070 comicosque.
495 971 639 1046 Multis
656 970 762 1045 enim
784 986 968 1057 utuntur,
993 986 1036 1044 ot
1050 974 1185 1049 variis.

84 1120 89 1135 ·
168 1088 318 1165 Eadem
339 1103 560 1174 eteorum,
604 1087 678 1184 qui
708 1087 908 1163 orationes
929 1085 1020 1162 aliis
1041 1084 1188 1163 scribo·

168 1202 284 1293 bant,
312 1201 393 1277 fuit
418 1208 541 1291 ratio;
571 1216 610 1275 et
633 1200 941 1277 declamantium
957 1199 1026 1276 est.
1089 1204 1184 1281 Non

169 1322 279 1394 enim
300 1315 455 1418 semper
476 1334 524 1392 ut
548 1314 748 1404 advocati,
777 1314 846 1391 ted
867 1317 1130 1418 plerumque·
1143 1330 1186 1395 ut

111 1456 152 1521 ις
166 1435 384 1532 litigatores
415 1432 601 1506 dicimus.
686 1434 837 1510 Verum
877 1433 998 1507 etiam
1041 1433 1092 1509 in
1123 1432 1184 1510 his

167 1548 316 1635 causis.
335 1547 482 1646 quibus
503 1544 765 1636 advocamur,
791 1546 929 1624 eadem
950 1542 1183 1625 differentia

167 1664 381 1762 diligenter
411 1660 466 1735 est
508 1660 777 1739 custodienda.
864 1665 1034 1739 Utimur
1077 1666 1183 1741 enim

165 1777 332 1854 fictione
369 1774 649 1877 personarum,
706 1793 746 1853 et
786 1779 901 1854 velut
940 1804 1013 1855 ore
1052 1780 1181 1856 alieno

165 1894 395 1992 loquimur:
425 1890 629 1994 dandique
651 1890 743 1969 sunt
768 1894 837 1983 iis,
866 1893 1019 1993 quibus
1043 1918 1182 1973 vocem

165 2005 534 2096 accommodamus,
591 2005 655 2084 lui
688 2033 834 2084 utores.
908 2009 1040 2085 Aliter
1075 2012 1179 2088 enim

227 2245 277 2307 58.
303 2249 418 2292 ater-
434 2238 561 2293 aridem.
591 2239 692 2294 Turio.
721 2238 800 2294 Plor.
837 2234 1066 2313 (licaoniis.)
1097 2240 1178 2297 onio

162 2338 228 2379 tunt
256 2341 322 2377 cum
345 2324 422 2379 Alm.
446 2338 567 2397 propter
586 2322 857 2379 homoeoteleuton.
896 2358 899 2363 -
1056 2328 1178 2401 tragicae

161 2409 339 2479 comicosque.
369 2410 436 2461 Hoc
456 2405 560 2461 ordina
574 2407 676 2464 Turio.
698 2406 775 2462 l'lor.
799 2405 901 2463 Ambr·
918 2424 946 2464 2.
970 2408 1074 2468 Guelf.
1094 2408 1176 2467 Goth

162 2493 230 2560 (tac.
249 2489 346 2560 Geln.)
369 2510 436 2545 cum
453 2488 531 2547 volt.
549 2505 577 2557 3.
599 2491 654 2546 nifi
669 2490 750 2567 quod
771 2492 959 2567 comedesque.
976 2492 1105 2569 Reliqui
1120 2506 1176 2551 ct·

228 2576 302 2627 enim
316 2588 438 2629 utuntur.
467 2575 568 2630 Turio.
594 2575 715 2632 omittit.
877 2575 1051 2652 scribebant.
1081 2577 1175 2635 Tune.

159 2656 237 2735 flor.
260 2658 324 2726 (hie
340 2680 354 2712 a
371 2678 416 2735 pr.
429 2661 485 2723 m.)
508 2659 606 2733 camp.
623 2657 757 2736 scribent.
787 2658 876 2715 Goth.
893 2658 1050 2737 scribebat.

223 2753 254 2795 ut
275 2743 415 2799 advocati.
453 2741 552 2798 Turic.
593 2744 692 2820 Cemp.
728 2757 756 2799 et
776 2767 803 2799 a.
840 2744 937 2798 Guelf.
967 2743 1007 2820 est
1037 2770 1066 2804 a.
1106 2750 1174 2804 Mox

159 2826 261 2903 camp.
285 2829 399 2884 omittit
420 2844 450 2883 ut
473 2827 553 2898 (ante
575 2828 674 2903 ling),
696 2849 752 2906 pro
769 2847 828 2901 quo
843 2828 921 2884 Flor.
946 2831 976 2899 (a
992 2830 1050 2891 sec.
1066 2834 1126 2908 m.)
1144 2844 1174 2889 1.

178 2966 180 2971 .
224 2926 274 2981 30.
303 2917 333 2968 ιἰι
353 2913 403 2969 bis.
433 2912 480 2967 Sic
497 2913 596 2967 Turic.
619 2911 697 2970 Flor.
719 2912 840 2986 Reliqui
863 2916 881 2966 ι’.
899 2915 941 2968 iis.

222 3000 400 3055 advocamur.
432 2996 510 3053 Flcr.
534 2995 632 3054 Gueli.
654 2998 821 3056 advocamus
844 3015 912 3053 cum
932 2998 1030 3059 Goth.
1053 3003 1131 3063 Jenl'.
1149 3014 1174 3057 a

159 3082 224 3139 edd.
239 3083 360 3157 pollere.
377 3096 441 3137 ante
457 3080 524 3139 Atd.

200 3292 250 3350 38.
274 3279 376 3355 aliquis
389 3290 545 3356 potiturum.
567 3280 644 3341 Vide
691 3280 730 3335 16
745 3299 831 3358 ceput
846 3283 990 3340 orationis
1005 3282 1175 3360 procoelifl

157 3383 267 3443 quanto
291 3385 358 3421 cum
379 3382 529 3424 contemtu
543 3363 646 3439 loque·
687 3366 855 3423 obversetur
870 3365 977 3431 nostro,
987 3370 1023 3424 in
1039 3391 1103 3445 quo
1119 3370 1176 3427 lut!

157 3468 223 3517 tur3
239 3471 334 3526 neque
350 3453 428 3507 enim
442 3468 505 3507 tum
522 3448 643 3512 oblitae,
686 3468 715 3506 et
723 3452 882 3507 Caeciliani
898 3468 927 3506 et
939 3453 1121 3511 Terentieni
1133 3472 1175 3531 p·

155 3535 236 3591 hunc
258 3536 341 3593 tuine
364 3534 513 3592 Catullum
539 3531 642 3603 (carm.
685 3537 738 3591 trie
775 3537 922 3613 personae.
965 3539 1016 3593 Ex
1044 3540 1176 3601 verrinis

157 3626 229 3695 92).
249 3621 456 3697 putendueel't.
685 3641 759 3695 quae
797 3639 870 3676 mox
904 3638 1084 3695 ponuntur.
1114 3642 1175 3682 cun

197 3710 245 3780 qai
267 3735 306 3748 -
327 3707 391 3760 aliis
403 3702 569 3779 scribebant.
606 3703 642 3759 cl.
685 3706 928 3780 compositionem
971 3721 1132 3775 tractaret,
1160 3727 1175 3761 ι

155 3802 185 3857 5.
201 3801 229 3859 a,
247 3802 297 3858 5¹·
322 3800 478 3857 2,15,3o.
501 3801 530 3855 5,
547 3807 574 3850 ι.
593 3806 641 3845 ro.
684 3789 780 3844 nollro
803 3791 862 3861 jam
882 3790 914 3843 in
934 3792 1116 3868 exemplum
1132 3792 1175 3851 ed·

685 3872 780 3929 hibita
792 3874 858 3928 [unt
874 3890 903 3945 9,
914 3883 942 3940 4,
953 3891 1006 3942 7ι.
1022 3894 1096 3937 102.
1111 3878 1174 3939 vite

196 3974 245 4034 39.
267 3961 360 4016 Aliter
374 3962 457 4013 eninr.
466 3955 502 4012 cl.
512 3968 540 4021 ὅ,
551 3965 579 4023 8ι
591 3966 640 4025 54·
684 3975 714 4014 et
732 3969 758 4025 4,
769 3974 796 4021 2,
809 3956 876 4012 106.
888 3958 1078 4021 Milonianee
1091 3964 1175 4041 ipse!

152 4046 207 4102 ubi
226 4048 305 4102 idem
320 4041 471 4100 Ciceronis
497 4039 579 4095 locus
595 4060 641 4096 re·
683 4041 783 4104 illam,
816 4060 905 4116 quem
928 4042 993 4106 hic,
1033 4048 1175 4107 virtute·

152 4132 287 4206 tpictmr,
311 4129 367 4185 nili
386 4126 466 4203 quod
487 4125 538 4180 hie
553 4126 640 4183 etiem
684 4127 779 4202 tangit
793 4142 822 4183 et
837 4127 866 4191 6,
891 4145 919 4192 a,
942 4140 994 4199 25.
1021 4143 1055 4201 5,
1079 4152 1129 4193 ιο.
