2558 5236
740 548 744 557 .

403 710 739 867 PRAEFd'l'IQ
983 782 1065 834 xm

63 971 285 1043 memoriam
306 959 539 1075 sequuntur.
604 965 786 1061 Haeserat
812 967 860 1053 in
881 968 1067 1045 extremit

62 1100 195 1175 verbis
216 1098 470 1200 Spaldingius
490 1091 644 1185 diffisus
661 1122 778 1174 verae
794 1096 982 1200 Gedoyni
998 1125 1065 1173 ex·

62 1232 281 1332 plicationi,
303 1255 422 1331 quam
443 1233 487 1325 in
508 1227 643 1308 nostro
667 1229 830 1306 demum
851 1231 1065 1307 volumine

62 1361 114 1435 ad
134 1389 194 1452 10,
225 1385 264 1457 7,
298 1390 360 1440 ιο.
392 1366 564 1465 agnovit
621 1365 809 1439 Haerenti
829 1363 897 1437 liic
920 1365 1065 1440 itidem

62 1496 200 1596 Sarpio
226 1498 316 1596 quis
340 1494 385 1570 id
416 1498 515 1571 vitio
541 1496 695 1571 vertat?
752 1494 828 1570 Sed
850 1496 946 1595 quie
963 1494 1067 1570 serat

60 1628 338 1703 emendantem
364 1629 456 1701 dom
486 1628 766 1700 antecedentem
794 1632 978 1704 memoria
993 1620 1066 1736 se-

63 1775 248 1857 quantur,
275 1775 313 1830 et
337 1760 432 1829 haec
452 1759 505 1830 ita
526 1759 786 1857 explicantem
815 1755 941 1847 „dum
958 1774 1065 1832 ante·
1122 1857 1124 1861 y

63 1889 295 1979 „cedentem
318 1889 488 1963 litteram
504 1890 709 1979 memoria,
737 1914 811 1963 nec
834 1886 1068 1990 sequentem

64 2022 243 2117 „intuitu
259 2018 537 2119 sequuntur“2
595 2019 715 2127 Quod
739 1999 839 2122 quid
859 2019 921 2117 lit,
935 2020 1067 2115 autli

66 2150 166 2251 quid
185 2140 266 2242 est,
303 2154 507 2253 quomodo
536 2178 585 2227 ex
603 2178 716 2229 more
742 2155 815 2230 illo
841 2156 1066 2233 litterarum
1138 2212 1141 2217 -

56 2289 228 2363 nomina
259 2260 371 2385 ¹prius
401 2311 522 2384 quam
554 2282 703 2361 formas
732 2284 913 2362 discendi·
936 2285 1065 2363 enasci

64 2434 194 2516 queat,
210 2443 295 2493 non
310 2416 424 2491 facile
440 2412 761 2517 aliquia‘dixeriu
790 2443 934 2518 neque,
952 2421 1065 2520 quic-

63 2549 246 2650 quidest,
275 2550 465 2625 deteriori
487 2549 594 2625 illud
612 2554 791 2629 oratione
801 2551 972 2652 proferri
991 2567 1064 2652 'po-

64 2686 153 2759 tuit.
213 2682 338 2781 Quale
371 2692 505 2777 autem
533 2678 641 2752 istud
668 2683 749 2752 viri
776 2681 977 2773 judicium
996 2681 1078 2769 est,.

67 2833 162 2884 cum
184 2809 229 2881 in
255 2802 532 2904 perversissima
545 2806 625 2885 ttta
649 2808 844 2906 loquendi
873 2807 1065 2903 somna,

67 2951 107 3039 4,
138 2958 174 3029 5.
205 2964 307 3033 quac
334 2932 527 3041 (musica).
548 2933 713 3048 oelsolo
730 2947 831 3017 omni
840 2934 1065 3048 studiorum

64 3097 208 3181 genere
224 3070 317 3168 plus
336 3064 478 3142 lrabeat
498 3076 626 3166 operis
645 3100 763 3171 quam
789 3068 1066 3185 ostentationis,

64 3205 294 3281 facillimam
315 3199 635 3301 certissimamque
663 3207 810 3279 inante
839 3212 941 3283 omni
961 3205 1066 3287 inse.

65 3339 240 3415 rentimn
259 3333 452 3410 medelam
474 3330 633 3433 respuit,
661 3351 701 3411 et
719 3333 935 3416 ablativum
957 3365 1082 3437 coms

64 3466 252 3573 parandi,
302 3467 485 3567 quamvit
515 3464 642 3543 statim
668 3454 898 3562 subjiciatur
927 3500 1066 3570 quom,

64 3599 276 3703 agnoscens
308 3597 417 3683 hunc
449 3600 666 3700 approbare
690 3617 856 3678 conatur
881 3602 1077 3699 adhibito„

65 3735 238 3823 ablativo
258 3728 499 3817 aestimandi,
518 3732 645 3830 qualis
664 3730 719 3805 est
737 3735 783 3809 in
803 3735 932 3810 lriace:
960 3763 1064 3826 „una

65 3869 174 3970 ,quor
195 3866 313 3962 Eine)
338 3864 473 3963 plures
497 3863 626 3942 tribue
641 3867 918 3973 antiquarunt,
943 3893 1081 3967 quam.
1176 3934 1180 3941 .

68 3996 316 4095 ,jusserimus
343 4012 383 4070 et
398 4021 496 4083 ,ano
518 3997 579 4073 die
602 4002 686 4097 (um
700 3999 826 4073 Einen
846 4002 955 4103 Tog)
972 4001 1081 4098 plus!

69 4134 186 4221 „vixi
209 4154 335 4232 quam
354 4125 578 4205 vivendum
601 4126 731 4219 suit“,
758 4128 1081 4228 similibusque‘l.

69 4262 177 4368 Quid
199 4286 321 4364 porro
343 4257 633 4337 intolerabilius
657 4287 777 4361 quam
797 4262 908 4360 quod
924 4264 969 4336 in
986 4259 1065 4338 dif-

66 4391 170 4470 ficili
190 4396 261 4471 illo
284 4395 334 4470 de
356 4395 643 4493 cognominum
667 4396 822 4494 origine
843 4394 933 4473 loco
964 4420 999 4485 1,
1023 4413 1079 4499 4„

69 4546 155 4619 25„
185 4547 306 4627 quem
334 4529 567 4630 corruptum
586 4525 711 4627 magis
731 4525 850 4603 etiam
874 4528 1065 4629 corrupit,
