2558 5236
384 83 502 304 Ἡ

197 306 205 316 t

909 420 913 429 ι

366 516 369 524 ι

312 768 435 844 Insa.
461 770 670 857 onnon
692 770 786 841 ΗΒ.
810 772 876 858 xt,
902 792 938 860 3.
1052 794 1123 865 385

121 954 318 1047 tusslant
337 972 377 1031 et
408 957 690 1045 verecundiae,
716 974 756 1033 et
771 958 1053 1052 dubitationis,
1084 980 1125 1038 et

125 1072 407 1162 admirationis,
430 1086 469 1145 et
484 1073 771 1173 indignationis
785 1077 872 1152 noti
885 1093 925 1152 et
943 1062 1128 1155 commu?

120 1213 190 1265 nes
211 1188 411 1264 omnibus.
475 1189 570 1263 Solo
595 1203 726 1261 tomen
749 1213 798 1264 eo
820 1187 948 1268 facere
967 1191 1123 1293 gestum
1214 1178 1222 1202 ³

119 1300 265 1379 scenici
280 1325 444 1402 quoque
463 1301 647 1377 doctores
663 1300 852 1378 vitiosum
865 1309 1121 1404 putaverunt.

119 1420 250 1494 Etiam
281 1415 471 1515 frequens
500 1422 586 1507 eius
607 1431 731 1490 nutus
761 1441 847 1492 non
874 1435 977 1494 caret
1000 1424 1122 1499 vitiot

120 1532 221 1608 adeo
241 1537 385 1624 jactare
406 1529 469 1618 id,
497 1546 536 1602 et
551 1555 682 1605 comas
699 1533 964 1607 excutientem
981 1551 1121 1624 rotare,
1273 1614 1277 1622 ,

117 1646 337 1723 fanaticum
370 1642 436 1717 est.
509 1647 752 1719 Dominatur
786 1660 918 1721 autem
953 1652 1122 1725 maxime
1138 1674 1178 1731 72
1239 1700 1242 1707 -

118 1761 270 1837 vultus.
345 1762 433 1833 Hoc
458 1755 676 1858 supplices,
714 1757 794 1832 hoc
819 1762 1010 1850 minaces,
1045 1763 1124 1840 hoc

116 1872 270 1970 blandi,
296 1871 375 1947 hoc
399 1870 543 1961 tristes,
580 1872 658 1949 hoc
684 1871 849 1963 hilares,
882 1874 962 1950 hoc
990 1881 1123 1972 erecti,

117 1989 198 2066 hoc
222 1985 408 2067 lummilli
428 1984 578 2065 sumus.
622 1987 701 2066 lioc
725 1987 903 2086 pendent
925 1978 1123 2084 homhee,

115 2240 215 2280 errore
227 2215 344 2296 gustum.
364 2240 464 2278 nomen
476 2219 577 2278 Turio.
594 2218 672 2276 Flor.
687 2219 817 2279 inierunt
830 2221 909 2278 inter
922 2236 1004 2278 nutas
1019 2240 1049 2281 et
1063 2246 1121 2282 non

114 2326 181 2363 cum
201 2304 292 2368 alm..
314 2304 373 2361 ltoc
390 2305 510 2381 quidem
530 2325 584 2380 per
608 2305 824 2380 compendium.
854 2306 918 2362 ideo
939 2305 1030 2365 Goth.
1052 2307 1122 2366 cum
1235 2332 1240 2343 ·

112 2390 192 2454 Vols.
210 2400 238 2446 ας
256 2390 286 2444 id
300 2409 445 2466 comesque
460 2404 489 2445 et
503 2393 703 2445 concutientem
719 2411 740 2441 r.
751 2391 941 2465 phreneticum
953 2390 1026 2449 obt.
1038 2392 1121 2467 qnod

81 2501 82 2504 ¹
114 2474 286 2551 reponendo
307 2473 383 2527 inira
405 2474 432 2527 le
451 2473 598 2529 descendit
616 2473 663 2526 vir
685 2468 879 2536 doctillimua,
909 2494 1073 2550 quanquam
1092 2493 1122 2535 et

116 2573 221 2616 eonent.
236 2576 292 2632 pro
308 2569 395 2612 ercut.
410 2558 497 2612 Bern.
514 2573 642 2629 quoque.
656 2555 827 2627 pinnatieutn
835 2554 934 2612 Guelt
949 2559 1037 2613 Goth.
1046 2561 1122 2619 Jens.

117 2646 186 2714 (otc.
207 2641 306 2711 Gelu.)
328 2659 396 2695 cum
418 2639 483 2694 edd.
504 2638 625 2713 polierr.
643 2654 708 2692 ante
720 2635 831 2694 Rollin.
855 2638 1038 2696 vetustiores
1049 2641 1124 2699 libri

115 2743 226 2784 rectem
244 2724 416 2799 [cripturam
436 2721 514 2778 dant.

183 2856 233 2909 72.
256 2842 434 2897 Dominetnr.
464 2838 564 2896 Turio.
594 2837 764 2893 dominator.
798 2836 877 2894 Flor.
901 2839 1121 2902 dominatorem.

112 2927 218 2988 Floril.
236 2932 352 2983 senten.
369 2920 486 2994 subjicit
502 2922 550 2978 hie
567 2921 727 2976 indicendo
744 2941 799 2997 pro
818 2935 920 2984 atatem,
935 2938 969 2976 nt
983 2923 1122 2983 sententia

113 3013 290 3072 absolvatur.
421 3002 772 3081 decidendi-summiffi.
795 3007 918 3062 Omittit
933 3003 1004 3062 haee
1020 3011 1121 3067 omniu

102 3097 210 3156 ·Guell.
219 3115 274 3173 pro
283 3090 439 3151 novillimo
453 3110 566 3168 ponent
575 3087 655 3166 miffi.
678 3090 778 3146 Turio.
787 3089 865 3145 Flor.
876 3091 1010 3145 ltoerecti.
1021 3091 1057 3148 cl.
1072 3086 1121 3159 ng

116 3205 146 3250 e,
158 3181 205 3239 16.
220 3180 344 3237 ubinon
354 3175 542 3252 praecedite.
564 3174 657 3229 Anite
674 3171 771 3228 voluit
779 3171 861 3246 Qu.?
884 3188 919 3231 ut
933 3191 1020 3229 rectus
1034 3176 1120 3234 home

114 3270 184 3326 oll'et
198 3265 247 3324 cui
262 3265 330 3334 recti
344 3261 426 3320 oculi.
448 3261 485 3316 de
501 3258 609 3334 quibus
624 3256 720 3313 Bentl.
735 3256 771 3310 ad
783 3259 858 3312 Hor.
874 3258 969 3313 Carm.
988 3281 1012 3320 t,
1028 3271 1056 3326 3,
1067 3262 1120 3330 18.

113 3353 194 3410 Inita
217 3352 308 3419 ΜΩ.
330 3360 448 3401 erectam
467 3362 523 3418 pro
544 3355 645 3397 reatem
663 3340 738 3400 Jent
754 3360 822 3395 cum
839 3341 903 3394 edd.
919 3340 1038 3415 postem.
1053 3360 1120 3400 ante

113 3437 199 3496 Befit
222 3436 297 3491 Mox
311 3428 413 3486 Floril.
431 3431 547 3484 Senten-
563 3425 629 3480 haec
645 3438 663 3480 t.
682 3420 875 3498 haecityiaret
888 3425 954 3479 itaec
971 3445 994 3478 e.
1013 3414 1079 3482 laec
1088 3426 1119 3503 s,

112 3520 242 3601 proferre
263 3517 401 3573 debemus.
429 3513 464 3569 ab
485 3513 538 3568 ltoc
560 3510 684 3584 pendent
705 3508 896 3562 hominesltoc
910 3511 1050 3563 intuentur
1059 3512 1118 3569 nee

108 3605 238 3684 ¹fpectnttt
259 3605 344 3658 etiem
371 3611 520 3674 antequem
534 3592 627 3670 sermo
648 3589 809 3665 proferatur
829 3593 873 3646 tie
893 3588 973 3666 ests
994 3613 1024 3665 p,
1046 3615 1073 3651 0,
1088 3618 1117 3652 v,

115 3693 189 3748 min
203 3686 337 3750 mutandi
352 3699 382 3740 et
404 3678 542 3740 turbandi
559 3677 691 3735 libidine.
731 3676 771 3731 ld
784 3675 882 3732 [altem
896 3697 957 3733 non
974 3677 1014 3732 ita
1030 3676 1117 3746 mele,
1215 3752 1222 3761 „

159 3905 212 3960 71.
229 3887 385 3965 ferentinum
399 3882 446 3962 est.
471 3885 597 3960 Quidni
637 3881 766 3955 guineum
778 3879 890 3954 populis
902 3881 1056 3933 cecinerunt
1069 3881 1119 3934 tri·

110 3974 281 4052 fanaticum,
296 3974 405 4029 Lexica
415 3972 526 4046 optime
543 3970 597 4024 do·
631 3962 691 4039 stin
707 3963 795 4024 Galli,
807 3965 878 4018 item
890 3963 1010 4035 Ulpiani
1025 3959 1118 4035 (Dig.

115 4076 198 4120 cem.
227 4076 281 4114 nec
305 4075 378 4132 opus
403 4054 597 4112 demonstrare
638 4047 719 4103 XXI.
739 4048 783 4102 tit
805 4067 831 4100 1.
855 4046 890 4099 de
910 4042 1005 4097 Aedil.
1021 4043 1115 4099 Edi.

115 4144 182 4200 loca
210 4141 337 4218 plurima
362 4158 512 4202 veterum,
544 4137 598 4192 ubi
643 4154 670 4188 a.
706 4129 731 4198 i.
758 4133 825 4203 9.):
862 4126 937 4202 apud
967 4125 1119 4183 inanum

115 4228 222 4284 divino
251 4225 371 4281 numitie
393 4223 596 4280 instinctorum
639 4218 787 4295 quaeritur,
802 4212 833 4288 fi
842 4210 937 4286 servas
956 4207 1119 4281 interferre.

114 4310 182 4369 telis
194 4309 310 4367 habitus
319 4309 507 4383 proponitur,
524 4324 597 4380 qtto·
639 4304 710 4356 ticos
731 4318 789 4353 non
803 4296 914 4371 semper
934 4305 1017 4366 caput
1027 4295 1119 4361 jacta·

113 4416 183 4452 rum
204 4393 324 4456 Badius,
341 4391 488 4447 indicante
502 4387 595 4452 Valle,
638 4399 736 4439 ret-.
759 4384 942 4435 Burmannus
952 4376 985 4432 ad
995 4378 1120 4433 Florum

112 4481 180 4536 latit
200 4495 302 4555 aptum
319 4475 415 4551 poluit
436 4473 550 4531 Luceni
569 4495 596 4533 ι.
637 4467 771 4528 remittit.
796 4463 849 4519 ubi
871 4461 940 4519 vide
962 4459 1119 4518 Dulterum

112 4564 190 4636 566:
213 4566 367 4638 crinemque
387 4571 509 4616 rotantes
525 4559 596 4614 San·
637 4567 667 4622 5,
689 4568 736 4624 19,
753 4560 780 4618 4.

157 4684 237 4743 Tam.
259 4679 314 4740 W.
490 4702 494 4711 ’
774 4668 827 4726 Bb
