2558 5236
10 39 908 417 -ι

563 500 569 509 ,
600 494 603 499 t

254 757 377 828 INST.
403 757 612 830 ontrort
636 761 728 831 ΠΒ.
755 762 820 830 ΧΙ.
848 783 884 831 o.
997 782 1071 849 503

66 945 223 1025 discunt
248 972 368 1046 quam
387 949 559 1025 maxime
586 945 772 1048 spatiose,
793 951 920 1026 multa
942 953 1071 1026 varie·

67 1081 145 1140 nte
176 1061 343 1162 signate,
379 1062 549 1142 domum
578 1061 684 1140 forte
717 1090 921 1164 magnam,
964 1082 1005 1141 et
1023 1069 1070 1144 in
1124 1158 1127 1173 Ι

65 1179 212 1256 multos
241 1177 444 1254 diductam
479 1174 655 1254 recessus.
732 1182 779 1252 ln
802 1204 846 1254 ea
865 1180 1069 1281 quidquid

22 1360 25 1365 ,
63 1294 240 1371 notabile
259 1290 325 1381 est,
341 1296 474 1371 animo
492 1292 707 1393 diligenter
720 1287 907 1395 affigitur,
924 1313 970 1372 ut
984 1295 1069 1372 suro

63 1410 316 1485 cunctatione
332 1434 375 1482 ac
391 1434 503 1483 mora
519 1423 650 1508 partes
664 1412 748 1499 ejus
766 1434 906 1487 omnes
922 1414 1069 1510 cogita·

62 1526 118 1600 tio
133 1520 252 1626 possit
268 1547 512 1623 percurrere.
550 1527 600 1596 Et
613 1523 772 1622 primus
792 1524 860 1599 hic
876 1526 989 1600 lairor
1003 1523 1071 1614 est,

61 1666 147 1717 non
177 1640 340 1713 haerere
374 1638 420 1711 in
455 1635 632 1713 occursu.
698 1639 793 1715 Plus
820 1641 929 1714 enim
952 1652 1072 1740 quam'

24 1904 29 1921 ¹
129 1894 179 1956 ¹8·
201 1884 316 1961 diseunt.
342 1887 442 1962 Camp.
466 1885 581 1962 discant.
597 1887 687 1944 Goth.
707 1886 847 1962 dt'j'cuntur
862 1910 928 1945 cum
944 1888 1023 1950 Voss.
1039 1905 1069 1947 2.

60 1969 139 2028 vall.
162 1969 248 2025 colb.
276 1971 371 2025 dicunt
391 1970 457 2028 Ald.
477 1972 523 2026 sed
544 1992 615 2028 mox
635 1970 824 2049 postsignani
839 1976 952 2030 insertio
968 1975 1069 2032 verbio

61 2055 243 2128 concipienda
264 2052 331 2130 effe,
354 2055 438 2112 nullo
460 2057 643 2114 hauddubie
660 2058 724 2113 MS.
740 2076 876 2123 auctore,
900 2078 1067 2136 quenquam

60 2141 205 2214 etCrmp.
223 2141 321 2195 eadem
335 2141 486 2213 interjicit.
497 2141 593 2198 Guels.
612 2144 753 2198 continuo
761 2140 897 2219 speciosa.
1015 2164 1068 2200 no-

60 2224 154 2280 tabile.
180 2226 280 2281 Turic-
303 2226 380 2280 Fsor.
403 2223 502 2282 Guelf.
534 2229 634 2301 Cemp.
658 2228 752 2285 nobile
785 2248 852 2283 curu
876 2228 953 2284 nim.
979 2228 1066 2285 Boot

60 2309 243 2387 Goth-Voti.
261 2326 290 2365 Β.
318 2308 395 2368 Vass.
420 2327 448 2367 et
470 2312 535 2366 edd.
556 2329 620 2367 ante
636 2311 704 2370 ΛΜ.
726 2331 782 2366 acc.
797 2315 899 2369 Badio.
929 2316 1068 2371 Correxit

18 2386 22 2397 ¹
58 2395 177 2467 Regius,
186 2415 280 2469 neque
297 2414 352 2469 ego
369 2414 437 2451 cum
447 2397 572 2451 Gesncro
587 2416 643 2452 non
660 2398 763 2450 masam
776 2396 902 2451 dixerim
917 2401 1067 2473 antiquam

58 2478 239 2553 scripturam.
255 2479 291 2534 cs.
308 2499 336 2553 9,
355 2493 383 2545 3,
402 2491 431 2545 5.
599 2476 736 2554 affigitur.
747 2479 976 2554 Floradfigunt.
993 2484 1068 2539 Mox

59 2581 113 2636 pro
131 2566 306 2618 cunctatione
322 2564 411 2618 Tur.
431 2566 615 2617 contactioue.

51 2777 169 2854 serantur
190 2777 282 2843 locir;
307 2799 473 2854 quenqurun
496 2780 542 2832 ri·
586 2781 740 2841 morando:
771 2781 915 2856 fignificat
941 2777 1068 2837 titubare.

59 2862 115 2917 deo
139 2863 203 2917 sane
225 2862 354 2938 aliquam
377 2884 412 2918 ex
432 2864 491 2939 ipsa
511 2864 543 2917 in
585 2865 638 2917 Hic
659 2866 832 2923 adverbium
852 2867 887 2920 fit
908 2887 943 2919 cn
959 2882 1068 2938 prono·

58 2966 115 3019 qua
140 2948 288 3002 versamur
311 2948 430 3011 materie
446 2948 541 3004 lucem
584 2968 663 3012 men,
686 2951 815 3007 dubitari
829 2951 930 3025 potest.
966 2949 1070 3004 Hocfi

56 3032 95 3087 iit
123 3032 302 3106 contingere.
353 3034 409 3087 Sed
434 3035 466 3088 iu
490 3031 541 3087 ille
584 3035 703 3109 probae,
718 3030 853 3110 respiciet
867 3035 959 3090 sensus
975 3033 1071 3089 nofler

57 3115 145 3171 cotiee'
167 3116 362 3173 animadversa
375 3117 540 3174 litterarum
583 3117 618 3174 ed
636 3119 857 3194 praecedentem
881 3136 1007 3195 cumque
1024 3138 1069 3174 re·

22 3196 25 3201 ’
56 3201 542 3266 Ccthonsufione,nonsuerit
583 3220 671 3281 petet.
721 3205 769 3258 Est
792 3205 870 3258 euim
894 3202 951 3259 hoc
973 3204 1070 3279 ipsum

58 3286 249 3341 temerarium
285 3287 442 3343 rescribere
473 3287 542 3340 deti·
583 3311 640 3344 non
661 3289 772 3344 haerere
792 3290 821 3340 in
845 3285 968 3361 occursu,
1000 3307 1071 3343 cum

57 3383 138 3442 gont.
583 3375 663 3438 „sine
679 3374 862 3428 cunctatione
871 3391 992 3426 nemore
1004 3392 1070 3447 par·

101 3473 157 3508 non
171 3457 320 3511 haererein
332 3455 451 3531 occursu.
470 3457 542 3513 Non
584 3475 651 3524 „ter
673 3458 780 3513 domus
806 3456 929 3527 alicujus
949 3476 1071 3531 magnae

59 3535 131 3592 adeo
162 3542 231 3596 trita
257 3543 381 3617 potcsiac
406 3530 543 3616 occursus,
585 3562 709 3608 „omnes
729 3542 869 3616 cogitatio
887 3542 1041 3615 percurrit.
1051 3551 1071 3577 ‘⁶

60 3622 113 3696 qui
126 3623 176 3679 hic
194 3625 232 3680 esi
244 3645 299 3701 pro
316 3628 398 3681 omui
413 3647 453 3688 re,
469 3647 543 3700 quae
586 3629 636 3683 Siu
661 3627 835 3683 adverbium
858 3627 1001 3700 agnoscis,
1027 3627 1072 3682 hie

59 3725 180 3781 repente
194 3710 220 3764 se
238 3711 324 3767 nobis
340 3714 433 3766 offert.
459 3712 543 3771 Usus.
584 3715 605 3769 i.
628 3714 661 3766 iu
686 3712 768 3766 omni
787 3711 846 3766 hoc
868 3713 988 3783 negotio
1007 3713 1070 3784 pri·

59 3810 118 3865 quo
144 3813 253 3850 nomen
279 3794 400 3870 occursus
425 3796 486 3852 abit
509 3796 542 3850 iu
583 3817 666 3851 mum
688 3798 759 3858 erit,
797 3796 898 3869 quavis
921 3796 1070 3850 occasione
1170 3819 1175 3826 ·

58 3893 120 3929 rem
134 3877 183 3933 rel
203 3871 355 3935 hominem
379 3882 472 3956 ipsum
489 3881 542 3954 qui
584 3884 648 3937 datr
667 3897 758 3936 totam
780 3878 862 3934 issam
886 3878 1007 3932 domum
1025 3899 1070 3934 re·

58 3978 193 4024 occurrat,
211 3963 376 4040 plutsemel
396 3967 542 4041 reperitur
583 3965 717 4029 minisci,
739 3985 776 4018 ne
799 3981 863 4017 ente
886 3963 964 4017 soree
989 3963 1071 4033 quasi

59 4041 91 4098 in
110 4046 538 4126 Declrmm.velnt8.p.r57.
584 4052 646 4124 ejus
672 4049 796 4104 occlusas
824 4049 876 4102 stce
899 4066 953 4100 nec
974 4046 1069 4099 intro·
1169 4120 1172 4125 ⁴

58 4130 330 4191 „indifferentinm“
342 4136 544 4209 (geminorum
585 4133 721 4190 mittaris.
753 4134 896 4205 Occursum
913 4131 999 4183 etiem
1008 4147 1070 4184 non

60 4218 259 4290 quorundam)
288 4248 330 4262 -
373 4221 544 4281 „mirantur
585 4218 662 4274 male
697 4217 897 4293 interpreteris
933 4213 1069 4286 quemvis

57 4303 221 4376 ‚‚occursus¹‘
244 4307 265 4360 i.
282 4321 476 4361 occurrentes.
496 4310 543 4370 ¹8·
585 4304 669 4357 iltius
693 4304 798 4358 domur
823 4315 951 4373 partem,
996 4317 1069 4373 quae

57 4402 89 4459 p.
105 4399 177 4453 522.
199 4386 402 4449 ‚‚laudandue“
412 4389 466 4456 (ob
478 4385 544 4460 pul·
586 4389 661 4443 sorte
679 4389 704 4442 se
720 4388 822 4442 offerat
836 4382 1009 4444 memoriae,
1032 4400 1069 4437 ex

31 4456 34 4465 ¹
58 4468 480 4546 chritudiuem)„occursit'²us.“
490 4473 543 4526 Ca·
587 4492 643 4545 qua
659 4472 763 4526 deinde
778 4471 809 4522 in
826 4486 925 4521 omnes
940 4467 1068 4544 reliquae

58 4573 98 4611 ve
116 4573 212 4612 ruteni
227 4559 338 4617 sinerem
355 4555 478 4632 recipire
486 4574 543 4631 pro
587 4556 691 4611 ordine
707 4575 738 4609 ee
754 4555 905 4623 dircurrct.
