2558 5236
110 298 185 366 rgo
349 274 407 349 Μ.
433 274 536 351 Filii
564 220 930 371 QUINTILIANIJU'.

111 471 183 572 qui
204 469 281 543 hoc
302 479 442 539 natura
462 459 545 563 ipsa
569 460 631 534 rei
646 481 730 533 non
745 450 940 529 indecens
958 446 1129 525 sociante

111 603 158 664 ut
172 608 263 657 cum
280 597 391 682 pater
405 605 454 653 ex
468 574 674 652 meretrice
689 587 841 656 natum,
864 565 988 667 quod
1001 564 1170 677 dure-qn

113 702 168 779 rit
206 698 455 773 meretricem
496 693 542 767 in
578 687 904 771 matrimonium,
959 681 1130 759 abdicet

114 811 346 891 Scholastica
362 810 543 896 materia,
571 802 640 879 sed
660 828 766 890 non,
793 824 897 900 quae
910 821 1006 875 non
1020 796 1132 901 poffit

116 929 302 1007 accidere.
360 929 438 1002 Hic
468 925 593 1025 igitur
620 920 747 995 multa
770 940 857 993 non
886 911 1132 991 deformiter

179 1172 230 1232 82·
255 1158 377 1237 faciant.
407 1155 455 1210 Sic
475 1153 575 1211 Turio.
589 1152 667 1235 islor.
682 1149 805 1227 Reliqui
812 1145 942 1225 jaciunt.
967 1148 1070 1207 Codd.
1083 1146 1131 1207 ol·

116 1262 319 1320 temperemur,
337 1241 373 1297 cs.
392 1258 439 1300 ιο.
455 1257 481 1301 ²2
492 1248 539 1306 44·
713 1248 795 1311 paler
810 1264 852 1278 ··
862 1235 891 1287 ¹⁸²¹
907 1236 1129 1295 matrimoniu-

116 1333 215 1389 Turio.
232 1344 315 1405 petre
338 1346 372 1381 ex
389 1326 556 1401 meretricem
578 1323 802 1379 immatrimoniu.
819 1317 901 1375 flor.
922 1334 1068 1391 patre-ex
1080 1338 1129 1373 rne-

116 1420 239 1473 retricem
257 1419 286 1469 in
303 1410 507 1466 matrimonium
522 1427 590 1463 cnm
604 1406 699 1463 Guels.
718 1403 829 1463 etdlm.
844 1402 903 1459 nili
917 1405 1009 1481 quod
1026 1404 1130 1461 hom

117 1499 298 1558 altefhabet,
313 1494 385 1549 alter
397 1492 506 1546 dicitnr
521 1491 627 1551 habere
642 1507 723 1564 poter
740 1508 769 1546 et
783 1490 934 1549 meretrice,
953 1490 1052 1547 Gotlr.
1066 1494 1130 1557 (err.

118 1585 216 1647 Geso.)
226 1598 306 1654 pater
321 1591 416 1632 natum
433 1575 508 1649 quod
522 1591 597 1632 amet
612 1579 777 1631 meretricem
792 1593 859 1629 cum
869 1574 950 1629 Voll-
960 1589 994 1630 Ω.
1009 1574 1063 1643 (cs.
1072 1572 1130 1647 79.)

118 1670 194 1727 Mox
211 1664 285 1721 Vell-
301 1676 383 1737 pater
401 1673 498 1717 natum
516 1682 549 1717 er
565 1664 706 1717 meretrice
728 1661 803 1737 quod
817 1673 894 1719 emet
911 1662 1092 1715 werrico·
1104 1660 1130 1711 in

120 1752 345 1807 matrimonium,-
371 1746 420 1802 sed
441 1744 526 1802 valde
548 1747 683 1821 suspicor.
707 1745 757 1802 hic
773 1743 902 1818 aliquem
918 1745 980 1800 esl'e
995 1745 1131 1801 versem

55 1855 60 1864 ·
119 1834 352 1893 emendationem
367 1830 482 1906 (quales
500 1851 561 1886 non
578 1849 645 1885 raro
666 1829 795 1903 agnoscit
813 1831 845 1885 in
863 1847 899 1883 eo
920 1829 1002 1885 cod.
1016 1829 1130 1891 Badius.

118 1918 252 1973 velutad
268 1923 294 1989 t.
311 1918 399 1988 72.);
421 1933 450 1971 et
471 1916 542 1972 haec
559 1916 596 1971 esi
610 1914 745 1970 obtinens
760 1935 776 1968 ι
791 1913 883 1969 Badio
898 1913 976 1969 inde
992 1913 1030 1970 in
1043 1910 1131 1971 omni·

118 2003 173 2059 bue
197 2002 282 2057 editis
304 2000 460 2074 scripturo,
482 2000 585 2055 ordine
602 2017 698 2055 tomen
713 2013 826 2052 mutato
840 1998 899 2052 ite:
923 2018 958 2054 exc
976 2020 1016 2055 m.
1031 2012 1129 2055 neten·

118 2088 193 2146 Jens·
216 2088 303 2142 Tarv.
326 2100 407 2159 pater
430 2100 528 2140 natum
544 2086 620 2162 quod
637 2097 713 2140 amet
734 2103 767 2138 ex
783 2085 924 2138 meretrice
941 2085 975 2135 in
992 2087 1130 2157 mqtrr'rno·

119 2172 201 2227 nium.
223 2173 324 2227 Locrt.
341 2173 413 2226 Ven.
430 2171 512 2225 Rusc.
534 2174 592 2239 (ex
606 2169 692 2242 Regii
711 2171 829 2239 mente)
846 2189 875 2239 p.
892 2186 919 2222 n.
938 2187 976 2222 erc
998 2170 1131 2225 meretrice

119 2275 145 2332 q.
162 2279 189 2311 a.
205 2276 237 2310 er
254 2259 393 2311 meretrice
408 2258 437 2309 in
452 2276 487 2310 m.
509 2253 648 2312 Nostrum
664 2255 762 2328 Cnmp.
778 2252 869 2307 Andr.
886 2249 956 2308 Ald.
975 2254 1049 2322 (nili
1057 2250 1133 2330 quod

119 2338 169 2395 hic
191 2357 287 2396 natum
309 2336 343 2395 er
364 2344 442 2406 mer.)
466 2360 502 2395 ex
527 2340 694 2411 conjectura
712 2337 792 2391 haud
808 2335 913 2400 dubie,
938 2336 991 2393 sed
1006 2356 1069 2395 nou
1082 2339 1133 2397 in·

119 2423 340 2499 Probabiliilln,
364 2441 392 2480 et
407 2424 530 2479 meliore
547 2422 690 2498 profecto.
709 2442 794 2496 quam
812 2421 850 2475 eil
865 2420 990 2477 librarii
1006 2420 1133 2479 Gemini

121 2508 231 2562 nullam
253 2508 398 2563 rationem
423 2508 556 2562 habentis
579 2507 740 2561 verborum
759 2508 787 2559 in
803 2509 1039 2572 matrimonium.
1061 2506 1133 2563 und·

120 2609 193 2645 mox
217 2588 380 2645 conflarunt
395 2594 457 2648 VV.
475 2592 543 2644 DD.
559 2593 756 2664 portentosam
780 2589 966 2646 locutionem
995 2614 1094 2649 amere
1107 2593 1133 2646 ie

121 2676 329 2728 matrimonium
344 2674 519 2755 Gesnerolin
534 2672 680 2729 Thesauro
699 2695 825 2749 quoque,
849 2691 883 2731 ιιι
902 2690 932 2731 et
955 2676 1133 2737 Foreellim,

120 2775 310 2813 memoratam
335 2776 362 2814 et
387 2758 565 2834 explicitam.
601 2760 726 2814 Brevine
749 2775 856 2814 eretex
870 2781 936 2814 mer.
951 2783 981 2816 n.
1001 2762 1040 2817 ob
1056 2780 1132 2818 mere·

122 2846 196 2898 tricis
212 2846 436 2904 matrimonium:
454 2844 497 2898 sed
508 2845 594 2900 nimie
603 2844 750 2900 manifesta
760 2844 922 2901 suntislain
931 2862 1009 2912 vett,
1018 2846 1132 2922 relligio

122 2931 287 2983 meretricem
312 2931 340 2981 in
358 2932 570 2992 matrimonium,
595 2947 722 3003 qnorum
747 2945 804 2984 tem
823 2928 1026 2986 similitudine
1050 2950 1131 3007 quent

122 3008 286 3068 litterarum
305 3014 336 3065 M
352 3030 379 3069 et
394 3016 423 3070 N
440 3012 629 3068 multitudine
645 3014 785 3085 jacturam
800 3014 870 3068 secit
884 3012 980 3070 locus.
1016 3014 1132 3091 siquid

122 3096 190 3150 veri
204 3114 230 3150 et
246 3096 361 3169 antiqui
376 3100 443 3152 esset
459 3098 490 3150 in
508 3098 568 3152 istie
584 3098 660 3173 qnod
675 3112 755 3159 amet,
770 3097 926 3174 probarem
943 3119 1003 3174 ego
1021 3099 1133 3157 Fannii

122 3181 318 3248 conjecturam
341 3183 416 3254 qnod
437 3181 535 3244 habet,
558 3180 607 3236 vel
621 3186 669 3257 qui
683 3184 780 3245 babet,
803 3183 960 3240 itn'tcmen
977 3202 1016 3241 ιιι
1033 3184 1132 3243 scribe·

121 3282 183 3316 rem
196 3266 225 3315 in
240 3266 434 3328 murimonte,
454 3264 591 3322 subnixus
606 3266 703 3341 eliqua
717 3267 817 3322 Turio.
830 3269 1022 3325 auctoritate.
1049 3270 1149 3335 Nune,

123 3365 197 3422 opus
221 3346 275 3400 csse
297 3349 389 3404 verbo
412 3352 657 3423 praepositionem
680 3356 708 3406 in
731 3367 850 3424 regente
867 3371 937 3406 cnm
951 3356 1135 3419 ‚rccusetivm

121 3447 249 3506 apparet.
272 3451 326 3487 nco
353 3424 492 3490 succurrit
514 3435 624 3497 ullum,
646 3438 728 3510 qnod
747 3436 862 3492 seciliue
883 3436 1072 3496 intercidere
1086 3458 1136 3519 po·

123 3516 206 3571 tuisse
224 3514 308 3572 dicre.
475 3540 545 3595 qnae
561 3542 627 3577 non.
651 3522 749 3578 Turio.
765 3521 844 3577 Flor.
860 3520 961 3579 Guelt
980 3527 1137 3583 omittunt·

122 3721 226 3783 „ciant
252 3736 285 3775 nt
306 3741 342 3776 ne
364 3721 520 3796 peripsam
536 3723 601 3798 qui·
682 3723 735 3798 sed
757 3746 812 3780 non
835 3753 877 3768 -
899 3727 1044 3787 occidere.
1096 3734 1141 3793 Δι

122 3805 207 3866 „dem
222 3806 267 3860 rei
280 3821 411 3860 naturam
421 3805 492 3860 hacc
506 3826 603 3880 repre·
645 3808 738 3884 suits.
754 3833 780 3865 n.
798 3831 868 3886 qnae
883 3814 913 3865 in
920 3810 995 3884 foro
1013 3822 1143 3892 empna

121 3889 336 3960 „lrcnsioejue‚
361 3890 603 3962 quodipsosete·
645 3897 841 3968 cliq,2‚97.
885 3898 996 3954 Potuit
1013 3904 1075 3961 elle
1094 3924 1144 3961 ex·

122 3973 193 4034 „rin
209 3974 243 4027 fit
257 3975 424 4031 indecene.“
445 3972 513 4029 Alie
527 3975 601 4032 ratio
644 3978 842 4035 heredationis
867 3979 1026 4057 elogium.
1070 3988 1147 4069 quod

126 4075 172 4120 rr,
187 4068 214 4121 2,
230 4071 279 4125 30.
645 4068 814 4120 meretricem
858 4067 888 4119 in
924 4075 1149 4133 matrimonia
