2558 5236
224 304 299 375 272
337 326 340 333 -
465 284 523 355 Μ.
549 284 651 353 nnn.
680 282 997 375 qumruanm

168 497 208 560 ra
225 474 293 552 led
315 475 433 548 etiam
453 467 675 546 necessario.
732 469 949 563 Diversum
977 472 1029 547 ab
1053 474 1159 567 hoc,
1188 476 1249 556 sed

222 590 392 676 facilium,
422 610 515 663 cum
539 586 756 662 hominum
776 600 845 661 aut
866 588 1024 687 alioqui
1045 594 1244 693 turpium,

223 721 292 782 aut
316 705 433 780 nobis
456 699 680 777 invisorum
698 701 892 801 quaedam
918 700 1022 778 facta
1041 706 1243 785 laudanda

223 819 323 898 sunt.
409 820 533 895 Decet
570 818 680 891 enim
714 841 799 892 rem
829 816 955 920 ipsam
990 823 1179 920 probare
1208 829 1244 902 iu

224 937 494 1037 qualicunque
536 929 723 1032 persona,
803 932 916 1008 Dixit
960 935 1123 1016 Cicero
1179 967 1244 1042 pro

112 1077 117 1087 ·
223 1051 394 1126 Gabinio
421 1065 463 1124 et
479 1053 518 1123 Ρ.
534 1049 705 1135 Vatinio,
736 1046 1012 1126 inimicissimis
1039 1072 1167 1131 antea
1182 1056 1246 1133 libi

222 1166 471 1253 hominibus,
488 1180 527 1237 et
540 1162 585 1236 in
601 1188 704 1262 quos
724 1165 923 1239 orationes
940 1166 1073 1245 etiam
1090 1169 1246 1275 scripse·

221 1296 302 1357 rat:
334 1298 477 1354 verum
493 1274 603 1353 causa
619 1277 718 1371 justu
742 1276 793 1353 fit
810 1274 999 1370 fatendo,
1033 1282 1132 1363 nun
1146 1284 1186 1364 se
1203 1287 1244 1365 de
1268 1320 1274 1337 ·

168 1424 208 1485 74
222 1396 377 1498 ingenii
395 1392 517 1483 fama,
544 1391 613 1466 sed
635 1391 685 1466 de
703 1389 783 1466 fide
800 1389 874 1469 elle
891 1392 1127 1479 solicitum.
1165 1400 1244 1481 Dii·

222 1510 368 1587 ficilior
380 1510 418 1583 ei
433 1511 532 1585 ratio
550 1509 592 1582 in
610 1507 762 1601 judicio
772 1508 1019 1590 Cluentiano
1038 1512 1144 1609 fuit,
1162 1544 1243 1597 cum

223 1623 508 1703 Scamandrum
527 1618 676 1698 necesse
690 1625 852 1699 haberet
865 1623 1003 1702 dicere
1016 1652 1241 1723 nocentem,

223 1826 280 1883 illis
302 1842 445 1881 commune
464 1846 487 1880 r.
509 1845 533 1880 e.
557 1817 611 1898 ulfi
634 1835 694 1879 tote
709 1854 749 1868 -
767 1823 886 1882 caritas:
925 1844 1088 1903 praeterea
1110 1832 1193 1911 cnse
1207 1829 1242 1909 fit

221 1910 380 1987 (pendente
405 1908 463 1964 hoc
487 1909 677 1979 conjunctivo
703 1910 805 1964 itidem
838 1932 852 1964 a
875 1907 950 1986 nifi)
971 1934 1002 1969 n.
1023 1918 1049 1986 1'.
1071 1916 1123 1995 fic
1144 1919 1242 1976 dimit

134 2039 142 2057 .
223 2014 277 2053 etc.
298 1997 345 2052 Ne
364 1995 396 2049 id
413 1993 532 2068 quidem
547 1994 637 2048 suerit
656 1993 792 2056 nimium,
815 2013 849 2049 nt
873 1996 977 2053 scribes
1004 2002 1072 2056 Nec
1086 2004 1176 2061 usserat
1197 2020 1240 2079 pro

223 2083 283 2137 Hoc
307 2081 373 2136 illie.
419 2080 568 2135 Commune
596 2078 746 2132 remedium
773 2078 909 2154 intelligo
936 2082 1100 2141 πανᾶκειαν
1123 2089 1240 2165 aliquem

220 2164 325 2242 (paulo
348 2163 432 2219 aliter
447 2183 534 2237 quam
549 2182 621 2218 mox
642 2167 668 2234 §.
688 2174 737 2230 87.
760 2179 788 2218 ct
812 2165 875 2218 sene
897 2165 1121 2242 plerumque);
1144 2172 1240 2229 mulne

220 2252 299 2306 enim
315 2251 379 2305 sunt
394 2247 483 2304 nostri
497 2248 720 2309 admonitiones,
743 2269 779 2302 ne
798 2248 873 2303 sorte
895 2249 1038 2324 discipuli
1058 2258 1240 2333 persuadeant

219 2334 283 2398 fibi,
305 2337 327 2390 sr
350 2349 440 2389 certae
464 2332 602 2409 quaedam
628 2347 702 2387 artee
725 2331 939 2407 perdidicerint
959 2336 1084 2412 suoque
1109 2340 1178 2399 loeo
1199 2342 1237 2395 ed·

218 2418 383 2481 lribuerint,
406 2420 463 2490 jam
481 2416 545 2471 satie
567 2417 621 2472 elle
636 2416 785 2487 provisum
803 2415 984 2475 utilitatibus
1005 2421 1082 2487 suin,
1112 2446 1167 2482 nec
1180 2428 1235 2499 jem.

219 2519 254 2557 ut
277 2504 367 2557 totius
390 2501 531 2556 orationis
557 2500 619 2555 suae
642 2517 740 2554 curam
762 2517 872 2576 gerant,
895 2505 1009 2561 necesse
1038 2510 1113 2569 effe.
1161 2508 1236 2573 Valde

219 2585 323 2640 similis
340 2582 423 2637 locue
439 2584 476 2637 est
496 2593 526 2655 4,
551 2598 577 2645 2,
600 2587 748 2657 94-96.

284 2682 333 2736 75.
357 2669 449 2722 Decet.
473 2666 551 2724 Flor.
573 2669 672 2741 camp.
697 2671 786 2728 Dicet.
807 2674 911 2746 Margo
933 2674 1023 2733 Belil.
1048 2680 1152 2739 Licet.
1173 2682 1233 2737 Mu

217 2752 298 2811 Flor.
321 2772 411 2807 rerum
431 2771 498 2807 cum
518 2752 596 2808 Alm.
620 2751 669 2820 (cs.
689 2755 869 2827 65.)Gu01f.
891 2778 977 2813 reum.
1164 2761 1233 2840 caesa

214 2835 291 2914 justa
306 2837 350 2912 fit
372 2835 503 2911 fatendo.
529 2838 628 2892 Turic.
652 2835 730 2894 flor.
760 2841 860 2917 camp.
891 2856 919 2896 et
936 2840 1017 2917 justa
1034 2847 1084 2929 fit
1099 2850 1231 2926 Mada.

218 2923 315 2980 Guels.
346 2938 373 2978 et
391 2918 465 2995 justa
483 2921 526 2996 fic
542 2920 678 2996 jaciendo
700 2944 765 2977 cum
791 2926 880 2982 Goth.
911 2928 1005 2984 Vols..
1023 2948 1054 2989 α.
1092 2936 1168 2994 vall,
1194 2936 1233 3003 (ut

217 3008 372 3083 fignificat,
390 3026 556 3081 quanquam
572 3027 630 3061 non
646 3007 748 3063 diserte
764 3011 899 3085 prodens,
914 3012 1044 3089 Badius)
1069 3022 1231 3082 Jent‘rm.

216 3094 262 3145 Ex
279 3090 355 3144 Alm.
376 3085 639 3163 justajitfatendo,
662 3112 709 3147 me
734 3095 853 3168 quidem
876 3096 1037 3157 incredulo
1057 3106 1114 3176 (cs.
1129 3104 1231 3171 modo).

216 3175 298 3248 quod
320 3174 413 3245 ipsum
439 3175 487 3229 dat
507 3174 582 3238 nid..
606 3195 672 3231 cunr
694 3178 856 3252 praeierant
878 3182 949 3235 Loc.
972 3184 1089 3246 Vener.
1113 3192 1193 3247 Rufe.
1208 3200 1231 3241 et

213 3254 288 3331 justa
307 3257 346 3329 fit
363 3255 494 3328 fatendo.
518 3261 638 3335 Reliqui
656 3261 740 3336 plane
763 3264 799 3318 ed
818 3263 973 3319 arbitrium
999 3271 1099 3349 Regii
1120 3276 1228 3333 nonna

216 3342 325 3397 habent
338 3342 515 3414 scripturam.
531 3346 601 3400 Exc.
624 3351 737 3401 Samen.
759 3346 809 3402 hic
825 3349 916 3411 silent,
938 3352 1016 3409 sicut
1034 3374 1070 3413 et
1086 3360 1121 3417 in
1139 3358 1228 3416 vieini

214 3426 280 3482 satie
294 3425 385 3500 longo
399 3428 566 3487 intervallo.
599 3434 635 3486 ln
650 3431 730 3484 lriecc
745 3432 871 3506 potuisse
887 3426 1077 3509 acquiescere
1092 3446 1160 3505 VV.
1174 3444 1228 3501 DD·

213 3530 300 3585 quam
315 3512 441 3567 maxime
455 3515 557 3570 miror.
581 3517 665 3570 Unde
681 3517 795 3571 tandem
809 3515 885 3571 illud
900 3518 942 3593 se,
964 3520 989 3575 fi
1012 3526 1107 3604 caus.
1129 3526 1227 3587 efflui

212 3594 345 3665 jectum?
389 3599 428 3652 Et
451 3618 523 3673 quae
548 3600 586 3654 est
607 3601 699 3664 ratio,
732 3617 765 3656 ut
782 3596 858 3675 justa
886 3602 987 3679 alique
1005 3609 1067 3667 siat
1092 3616 1176 3673 eausa
1195 3630 1226 3673 en

254 3780 304 3834 73.
328 3788 379 3840 pro
402 3768 524 3825 Gabinio
548 3781 576 3822 et
589 3769 620 3822 P·
638 3770 695 3828 Va·
781 3794 876 3829 verram
897 3800 939 3821 -·
956 3772 1129 3852 solicitum.
1175 3782 1226 3843 vi&

211 3857 289 3908 tinio.
309 3853 356 3907 De
380 3851 471 3907 altero
494 3853 530 3907 cs.
554 3855 614 3909 Cic.
638 3875 694 3929 pro
737 3859 906 3915 nottacritt.

208 3939 306 3993 llabir.
325 3937 460 3991 Pollumo
478 3958 501 3994 c.
511 3949 538 4006 8.
549 3939 619 3993 itcm
629 3940 693 3997 Vel.
781 3954 830 4008 74.
866 3946 1076 4012 Scamandrum
1091 3986 1141 4007 ι-
1154 3960 1226 4015 dicat

209 4024 287 4076 Max.
308 4030 333 4085 4,
353 4034 380 4075 2.
396 4021 458 4076 Dio
474 4024 544 4080 Cass.
562 4036 627 4096 39.:
658 4025 693 4080 de
737 4043 887 4084 nocentem.
908 4029 1046 4111 Ciupm
1062 4042 1136 4105 Clu.
1150 4064 1175 4103 ς,
1192 4054 1225 4107 15.

207 4105 459 4168 esternacensi,
485 4128 512 4172 r,
540 4122 588 4177 ιδ.
734 4114 814 4193 seqq.
