2558 5236
164 268 246 349 vrit
495 269 839 349 PRAEFATIO.

159 478 377 591 'praecipue
386 490 517 550 autern
525 475 702 569 eiusdem
708 502 830 554 manu
839 474 1054 580 adscriptae
1061 462 1172 582 prio.

165 634 256 685 rurn
274 624 477 685 tomorum
499 610 689 709 exemplis
708 612 942 699 notationes,
961 612 1172 711 inquibus

164 742 362 841 permulta
374 736 477 828 sunt,
491 765 592 839 quac
606 741 727 833 huius
741 744 871 844 operis
881 743 1097 822 lectoribus
1108 745 1171 823 in·

155 860 297 951 'videri
310 872 424 945 nullo
436 871 558 948 modo
575 854 752 948 debeant

163 1000 167 1007 '
245 1004 315 1077 llla
333 1029 430 1079 vero
446 1002 612 1092 confilii,
623 1004 735 1104 quod
747 1007 792 1079 in
805 1010 937 1106 primo
953 1009 1083 1106 operis
1097 1030 1171 1082 vo·

164 1134 319 1209 lumine
332 1132 1172 1237 seqmbatumpaldingius,diverfiusaliud

165 1266 281 1339 etiarn
305 1266 610 1344 incommodum
634 1272 806 1366 peperit,
834 1270 958 1368 quod,
985 1268 1171 1370 quamvis

164 1422 247 1472 non
261 1423 390 1494 grave,
406 1424 582 1471 mancam
600 1414 732 1473 tamen
746 1401 993 1496 aliquetenus
1007 1403 1172 1479 univer·

165 1524 244 1599 sani
260 1529 336 1601 viri
354 1530 497 1626 optimi
508 1554 669 1630 operam
683 1523 822 1603 effecit.
843 1532 948 1604 Nam
966 1534 1106 1605 cumei
1120 1528 1172 1607 ad

166 1682 330 1731 manum
348 1683 433 1732 non
450 1658 569 1734 effent
587 1663 736 1736 multae
756 1685 804 1734 ex
825 1658 967 1734 saecuti
983 1663 1070 1735 XVI
1087 1659 1172 1735 edi·

109 1818 113 1835 ¹
165 1789 357 1875 tionibus,
374 1816 447 1864 nec
458 1792 535 1866 nili
546 1791 762 1869 admodum
775 1816 988 1893 paucarum
1004 1792 1173 1893 exiguus

166 1916 262 1995 usus
287 1918 415 1996 factus
439 1919 529 1997 <diet
551 1926 596 1999 in
621 1924 840 1999 Burmanni
866 1938 907 1996 et
928 1918 1172 1999 deeefforum

166 2057 253 2146 ejus
268 2056 573 2145 commentariis,
583 2054 675 2130 fieri
692 2080 778 2133 non
791 2056 937 2155 potuit,
950 2056 1050 2153 quin
1065 2053 1172 2128 mul·

165 2182 219 2259 tis'
234 2209 328 2259 eum
350 2188 449 2264 locis
473 2204 650 2289 receptae
671 2183 741 2264 seu
761 2188 942 2288 vulgatae
957 2182 1171 2286 scripturae

163 2312 257 2393 fons
277 2334 315 2392 ct
334 2344 381 2391 ex
400 2322 474 2394 alia
491 2323 535 2394 in
555 2320 672 2394 aliam
692 2322 877 2395 transitus
892 2320 1008 2419 plane
1022 2316 1169 2391 lateret

164 2450 313 2546 Neque
339 2465 470 2523 tamen
498 2449 543 2522 id
565 2448 784 2525 admodum
813 2450 971 2524 curabat
987 2446 1171 2550 Spaldin-

164 2580 254 2678 giuc
266 2581 309 2651 in
326 2580 396 2652 tali
410 2578 569 2678 qualem
582 2593 670 2653 tum
683 2580 843 2680 parabat
856 2578 1044 2657 editione.
1070 2583 1171 2657 Mox

165 2706 395 2809 augescente
412 2708 661 2787 vetustorum
676 2711 875 2788 librorum
889 2736 1061 2789 numero
1076 2734 1170 2784 cmu

163 2845 382 2919 accuratius
404 2842 687 2943 exponendum
715 2841 805 2919 effet
830 2842 882 2919 de
899 2843 1083 2944 plurimis
1100 2866 1170 2915 va·

163 2976 383 3065 fientibus,
405 2990 515 3050 auctu
532 2976 586 3053 est
601 2981 720 3054 etiam
735 2974 877 3053 senum
893 2972 1085 3051 neeeffitas
1104 2973 1168 3048 iili

164 3108 396 3183 criticorum
411 3104 608 3186 desiderio
621 3107 881 3186 satisfaciendi
889 3134 900 3198 ;
915 3104 1025 3206 quod
1033 3121 1164 3181 tamen

164 3237 372 3340 quomodo
387 3236 478 3313 fieri
492 3238 626 3340 poliet,
649 3242 694 3317 in
709 3226 818 3316 'tanta
839 3240 952 3315 illiue
969 3238 1060 3311 aevi
1086 3232 1166 3309 edi·

163 3372 325 3447 tionum
345 3372 501 3446 raritate
517 3399 602 3449 non
627 3372 845 3474 apparebat.
902 3370 1029 3471 Igitur
1049 3366 1165 3440 etiam

162 3516 249 3577 tum
260 3505 309 3579 iis
321 3528 417 3604 quas
427 3503 594 3579 habebat
609 3506 753 3604 opibus
768 3515 977 3582 contentus
986 3496 1164 3602 Spaldin-

163 3635 264 3735 gius‚
291 3637 450 3733 quoties
466 3650 656 3712 mutatam
671 3638 846 3736 aliquam
864 3625 1073 3709 invenitor
1082 3650 1162 3718 tam

162 3771 384 3867 antiquitus
407 3765 651 3869 scripturam,
672 3766 718 3843 id
739 3764 875 3841 saltem
900 3761 1051 3875 ubique
1068 3754 1161 3832 dili.

162 3916 301 4001 genter
321 3900 495 3989 notavit,
526 3902 571 3973 in
595 3922 773 3998 quonam
790 3890 959 4009 suorum
985 3890 1161 3967 librorum

162 4034 507 4139 primoquaeque
531 4044 745 4138 appareret
810 4032 912 4111 Sunt
940 4039 1064 4109 auten
1096 4020 1160 4095 illi
