2558 5236
161 330 236 412 2⁷4
400 319 457 390 M.
483 318 585 389 reu.
613 307 927 409 anrunut
973 320 980 333 ·

163 507 277 598 esset,
311 508 513 609 precibus,
548 504 785 581 tumetium
814 492 1087 575 adolescentie
1113 493 1176 572 suc

163 622 336 703 excusat:
368 623 614 697 detracturus
628 619 781 717 alioqui
796 617 888 715 plus
904 613 1218 700 auctoritatis‚9tt

167 739 216 829 fi,
241 743 285 814 in
309 737 420 814 causa
444 733 672 837 praesertim
695 731 882 831 suspecta,
907 725 949 802 se
968 752 1075 802 eum
1093 724 1175 817 effe,

167 857 240 955 qui
259 866 405 930 temere
420 866 607 928 nocentes
626 874 715 924 reos
726 845 950 947 susciperet,
965 839 1173 919 fateretur.

41 978 44 983 ’
112 987 152 1047 75
168 969 288 1070 Apud
305 970 479 1063 judicem
493 990 591 1042 vero
610 963 720 1063 quod
733 978 802 1053 aut
811 974 979 1061 propter
994 958 1174 1033 alienum

168 1083 428 1161 commodum
445 1079 626 1168 incauta,
645 1103 763 1179 quam
780 1073 1093 1175 susceperimus,
1114 1089 1177 1149 aut

165 1198 297 1291 suum,
315 1217 361 1276 ut
375 1195 640 1300 persuadendi
655 1193 777 1269 ardua
795 1191 911 1280 ratio,
935 1193 995 1265 in
1016 1187 1175 1265 dicendi

166 1429 246 1490 Votr.
265 1443 293 1484 2.
317 1445 346 1484 et
368 1425 614 1486 edd.ante·13afil.
636 1425 757 1499 Reliqui
777 1414 934 1496 firmittem·
993 1426 1002 1440 “

229 1512 416 1587 adolescentia
432 1513 496 1589 sua.
520 1511 616 1568 Gueli.
643 1507 856 1586 adolescentium
872 1502 958 1580 suum
982 1523 1059 1562 eum
1081 1506 1174 1564 crida

104 1595 107 1599 ’
168 1598 243 1656 Jens.
253 1613 317 1650 ante
334 1597 406 1653 Obr.
423 1617 550 1672 quorum
563 1597 672 1651 Badius
685 1611 713 1650 et
727 1597 874 1670 sequentes
887 1610 985 1664 preces
1008 1611 1140 1667 quoquc.

230 1681 400 1735 detracturus
415 1703 441 1735 a.
455 1681 527 1754 plur.
547 1678 646 1735 Turic.
662 1679 740 1735 Flor.
759 1680 896 1733 detractus
910 1696 938 1729 a·
954 1676 1067 1752 plures.
1086 1675 1173 1732 cuett

170 1767 199 1821 cl.
218 1787 244 1820 a.
264 1765 352 1837 pluro.
376 1784 411 1819 ex
431 1763 507 1818 Alm.
528 1764 644 1820 nonnisi
665 1765 767 1838 plures.
993 1764 1173 1819 auctoritatis.

171 1849 273 1904 Turio.
295 1852 445 1904 auctoritas
467 1868 534 1903 cum
547 1849 624 1904 Asin.
637 1868 698 1904 non
715 1848 792 1903 Flor.
822 1841 873 1920 (cs.
889 1846 967 1918 73.).

220 1931 258 2009 fi,
282 1935 311 1986 in
328 1930 417 2007 causa.
441 1933 541 1990 Turio.
557 1932 635 1990 Flor.
658 1932 705 1999 (hi
721 1934 807 1988 etiarn
822 1929 948 2005 causam)
971 1932 1079 1992 Guels.
1095 1930 1172 1991 Goth·

171 2018 246 2079 Jens.
270 2021 335 2086 (tec.
352 2018 452 2090 Gesn.)
473 2017 560 2074 Tarv.
582 2016 654 2091 ficut
672 2020 689 2072 ι’.
705 2039 727 2071 c.
755 2036 821 2071 cum
838 2015 915 2073 vor.
934 2029 965 2074 2.

231 2100 265 2178 [c
287 2122 357 2157 eum.
380 2102 458 2158 Flor.
473 2099 502 2176 fi
517 2123 540 2157 e.
561 2122 627 2157 cum
643 2102 717 2161 Jens.
738 2102 826 2157 Tm.
1023 2102 1175 2181 suscipent.

171 2188 272 2243 Turio.
293 2186 372 2244 Flor.
396 2182 497 2246 Guelsi
518 2186 607 2244 Goth.
629 2184 703 2247 sens.
725 2185 794 2256 (tec.
815 2187 913 2252 Gesn.)
934 2204 1007 2242 cum
1035 2188 1104 2245 edd.
1120 2204 1174 2242 aute

171 2272 238 2330 Ald.
253 2274 425 2351 exercemp.
442 2275 494 2348 qui
509 2291 618 2328 vacuus
635 2271 673 2326 est
689 2270 724 2325 ab
740 2269 877 2325 omnibus
892 2270 953 2334 hic,
981 2272 1175 2347 quaeregio

171 2356 304 2432 corrigit,
329 2359 477 2413 erroribus
485 2396 494 2420 ,
515 2378 581 2413 nam
608 2371 637 2411 et
659 2358 755 2409 timere
776 2355 814 2408 est
835 2356 868 2408 in
887 2356 962 2413 Jens.
987 2364 1061 2427 (tac.
1088 2353 1175 2428 Gesu]

111 2492 114 2497 .
168 2441 256 2496 Tar-v.
293 2437 328 2493 ld
347 2442 503 2515 proprium
524 2439 615 2498 Goth.
635 2455 664 2494 et
685 2439 763 2500 Voss.
790 2456 818 2495 2.
855 2439 938 2514 quod
960 2438 1105 2519 susceptu
1127 2460 1172 2519 pto

161 2520 298 2598 svsru‘e·

235 2667 285 2724 75.
310 2655 456 2732 quotient.
480 2659 581 2714 Turio.
604 2655 785 2733 (quanquam
803 2660 961 2716 incertiore
980 2665 1172 2741 compendio)

168 2745 217 2816 qui
230 2756 288 2795 aut.
463 2743 594 2798 alienum.
611 2745 711 2799 Turic.
727 2743 805 2802 Flor.
825 2744 922 2800 Guelf.
941 2748 1050 2823 Cump.
1068 2749 1173 2829 aliquos

168 2845 237 2880 curn
253 2824 344 2882 Goth.
365 2845 391 2881 ι.
425 2830 493 2897 (tac.
518 2829 615 2896 Gesn.)
632 2845 660 2884 2.
683 2830 774 2902 Kapp.
796 2828 873 2884 Alm.
895 2831 976 2887 Vols.
994 2847 1024 2890 2.
1047 2836 1173 2892 estne

168 2910 234 2965 edd.
249 2927 313 2965 ente
327 2910 411 2966 Besil.
587 2910 719 2988 incausu.
744 2914 845 2972 Turic.
868 2935 901 2968 ac
920 2914 998 2990 vasu.
1023 2921 1105 2977 Mox
1118 2936 1172 2975 eote

162 2993 358 3070 susceperimus
383 2995 460 3052 flor.
484 2994 585 3053 inserit
599 3018 660 3053 nos.
884 3015 933 3054 aut
950 2998 1050 3076 suum.
1083 3005 1171 3062 Turie-

171 3092 266 3132 autem
278 3077 352 3151 sunt.
375 3081 453 3135 Hor.
478 3081 574 3139 Guelf.
589 3098 638 3137 aut
653 3082 721 3159 sunt
743 3102 809 3138 cum
827 3083 915 3140 Goth.
937 3103 961 3139 t.
980 3100 1010 3144 α.
1038 3092 1133 3166 Kepp.
1148 3106 1172 3145 ct

171 3161 237 3214 edd.
254 3178 318 3216 ante
341 3161 407 3216 Alo.
425 3183 485 3218 exc.
504 3167 620 3241 camp„
663 3169 714 3243 qui
735 3183 785 3221 aut
802 3166 929 3242 sumitur.
966 3157 1016 3226 Ei
1045 3175 1124 3230 Alm.
1150 3190 1174 3229 tt

168 3244 250 3302 Vols.
262 3259 289 3298 2.
305 3245 444 3312 nostrum,
467 3247 536 3304 salso
550 3252 694 3327 proiecto.
718 3255 752 3307 lu
759 3251 833 3311 Vall.
847 3252 905 3320 (sed
924 3254 979 3328 qui
991 3275 1007 3309 e
1021 3261 1172 3318 correctio·

171 3449 258 3504 quam
283 3430 333 3486 hic
362 3433 491 3505 ejusdem
511 3412 652 3512 pitronuc
736 3438 800 3512 plut
817 3439 1003 3498 auctoritatis.
1038 3445 1174 3525 Expecta

169 3515 206 3569 ud
233 3516 403 3572 Ciceronem
427 3522 584 3593 perductus
615 3524 653 3578 cst
695 3523 823 3585 multum,
849 3524 1003 3596 plurimum
1035 3549 1111 3605 pm
1130 3531 1175 3588 illo

169 3600 205 3655 eb
227 3599 453 3666 Aletrinatibus,
489 3622 516 3661 ct
536 3627 571 3660 ne
595 3607 653 3662 hoc
694 3608 765 3680 plus.
809 3612 854 3663 An
872 3608 1019 3666 fuitdetr.
1036 3616 1177 3694 aliquanto

169 3684 288 3757 quidem
322 3688 357 3740 ed
379 3688 530 3745 Ciceronis
556 3711 652 3745 narra·
693 3693 780 3765 psus?
802 3693 1050 3775 Possitctantefi
1066 3699 1178 3781 ὶηωψ

167 3769 279 3824 tionem
301 3775 516 3828 accommodate
532 3775 650 3840 dicitur,
692 3776 868 3832 intercidisse
877 3775 945 3852 sthi.

166 3855 218 3925 qui
234 3853 408 3910 Aletrinates
426 3860 467 3911 ait
483 3879 497 3910 a
515 3858 649 3915 Fubricio

165 3940 287 3991 domum
308 3941 549 3997 sttemndductot.
594 3945 650 3998 sed
735 3957 783 4012 75.
816 3947 901 4020 Apud
921 3950 1052 4015 iudicem
1075 3970 1183 4019 -.ι

164 4023 334 4115 merueriter
364 4023 431 4080 talia
459 4027 565 4083 rescire
593 4028 649 4101 Qu.
685 4028 777 4106 suum.
801 4032 870 4089 vide
885 4048 961 4091 nott.
974 4041 1060 4102 tritt.

164 4120 312 4165 novimus.
