2558 5236
170 331 246 400 ete
408 326 466 399 n
491 326 594 397 nen.
620 321 936 419 omnctnnnt
1044 404 1047 409 ,

115 537 155 607 ⁶5
169 521 358 596 Avertere
391 538 555 617 quoque
574 514 621 588 in
655 512 754 588 alios
779 512 930 585 crimen
952 509 1099 603 decet,
1144 531 1187 592 nt

167 631 308 708 fraude
325 631 555 728 aliquorum
571 630 724 704 concita
750 627 952 702 credatur:
981 642 1024 703 et
1050 630 1183 705 omnir

166 772 244 825 nos
268 743 463 849 passuros,
502 744 607 819 nihil
630 740 763 845 aspere
785 741 986 831 dicturos,
1045 744 1185 821 testen-

168 862 294 937 dum:
350 877 397 937 ut
429 857 581 935 etiamsi
601 884 687 934 non
720 855 926 957 possumus
949 862 1184 950 conviciari,

167 978 278 1054 nolle
296 975 518 1051 videamur.
578 975 719 1060 Etiam,
735 970 768 1045 si
788 972 887 1072 quid
907 974 1183 1067 obiiciendum

109 1076 123 1159 ’.-
169 1095 261 1180 erit,
291 1090 467 1167 officium
491 1088 547 1163 est
568 1090 744 1190 patroni,
776 1103 823 1162 ut
847 1086 892 1162 id
914 1086 1008 1167 filio
1043 1092 1181 1181 invito,

167 1204 236 1283 sed
253 1205 338 1281 fide
352 1221 531 1305 cogente,
556 1203 685 1279 facere
714 1203 904 1278 credatur.
964 1208 1025 1279 Ita
1040 1210 1182 1309 poterit

166 1339 338 1422 uterque
362 1320 528 1396 laudari.
602 1318 724 1424 Quod
751 1318 800 1392 de
823 1334 948 1394 matre
978 1320 1091 1413 dixi,
1137 1324 1179 1399 de

166 1454 342 1538 utroque
356 1451 519 1539 parente
534 1433 813 1536 accipiendum
826 1430 891 1509 est.
952 1438 1070 1514 Nam
1085 1441 1179 1516 inter

166 1700 203 1760 es.
223 1702 252 1764 6,
280 1723 306 1763 ι,
330 1715 380 1769 51.
404 1700 499 1757 Modo
512 1699 613 1756 Ambe.
630 1717 659 1759 2.
684 1701 844 1757 crederetur.
864 1698 901 1755 cf.
918 1709 952 1767 5,
984 1720 1038 1767 ιι,
1065 1714 1095 1774 4.
1117 1704 1177 1761 nex

167 1784 265 1842 Guels.
284 1788 355 1842 Exc.
378 1790 493 1841 Senten.
515 1786 667 1841 advertere.
841 1838 846 1848 ,

232 1869 280 1936 65.
311 1870 419 1945 fraude
439 1871 607 1947 aliquorum.
644 1873 746 1929 Turio.
767 1869 868 1925 inserit
905 1872 984 1933 uitro
1017 1873 1176 1950 miserabiles

171 1954 329 2028 repetendo
351 1976 424 2030 quae
440 1955 515 2010 sorte
539 1973 619 2010 erant
634 1957 666 2012 in
683 1955 828 2029 superiore
843 1956 946 2021 versu;
963 1974 994 2013 et
1021 1980 1099 2016 mox
1110 1960 1175 2015 iiten

157 2036 274 2099 'dicturo
299 2060 366 2095 enm
381 2041 459 2096 Flor.
582 2074 585 2079 -
634 2043 750 2098 concita.
775 2040 874 2114 camp.
899 2046 1060 2101 concitata.

160 2186 163 2191 Ι
227 2120 375 2198 poffiemus.
413 2128 460 2181 Sic
480 2123 558 2180 Flor.
584 2128 697 2196 (Turic-
723 2124 842 2199 quidem
871 2124 1003 2201 poffiem,
1030 2130 1082 2186 sed
1102 2131 1174 2186 uniet

42 2234 47 2240 ·
164 2207 290 2281 syllabae
314 2208 472 2266 intervallo
499 2209 617 2278 relicto)
640 2209 741 2265 Ambr.
759 2225 786 2265 2.
814 2208 915 2283 Camp.
938 2232 1012 2266 cum
1038 2215 1106 2272 edd.
1127 2228 1176 2269 ente

163 2290 278 2367 Gry-ph.
302 2293 422 2368 Reliqui
444 2290 582 2370 poffimin.
627 2296 706 2349 Iluic
729 2310 825 2349 antem
849 2295 944 2350 verbo
974 2298 1052 2355 inde
1077 2294 1174 2355 ahts

160 2378 260 2451 primo
288 2378 441 2449 subjicitur
464 2399 536 2438 non,
571 2378 652 2452 quod
676 2379 752 2434 abest
773 2379 808 2433 ab
837 2379 983 2440 omnibus
1009 2386 1068 2457 qni
1093 2379 1175 2441 celleri

158 2463 225 2515 sunt
246 2462 331 2516 MSS.
493 2461 564 2533 filio
593 2464 693 2521 invito.
717 2464 818 2517 Turic.
843 2463 946 2539 Gemp.
979 2466 1120 2527 inserunt
1133 2464 1173 2547 [ιν

161 2557 228 2597 cum
252 2543 329 2600 illm.
352 2564 413 2599 non
434 2544 512 2599 Flor.
536 2547 585 2615 (cs.
604 2551 629 2618 i.
647 2549 710 2619 59.)
741 2547 833 2602 Modo
856 2547 886 2600 id
908 2546 994 2609 Flor.
1022 2556 1055 2625 (ι
1072 2546 1173 2633 910²)

160 2626 289 2688 omittitt
312 2644 340 2683 et
357 2649 429 2683 mox
441 2629 542 2683 Turic.
566 2631 613 2685 dat
635 2631 760 2694 laudare,
783 2650 850 2687 cum
866 2630 945 2687 itm.

149 2860 228 2938 jum,
257 2863 347 2936 petita
371 2864 583 2937 significatione
607 2865 642 2921 ab
685 2864 933 2940 ignominiosum
960 2869 1013 2923 sed
1036 2872 1108 2946 quie
1125 2870 1168 2926 hee

156 2965 191 2999 eo
207 2946 285 3019 qnod
303 2949 456 3022 usurpatur
472 2950 544 3004 ultro
561 2953 642 3005 citro·
685 2950 811 3024 appellet
841 2953 1014 3018 conviciari,
1064 2958 1099 3013 in
1121 2972 1166 3031 qne
1210 3004 1212 3017 ,

153 3050 214 3104 que.
236 3032 272 3084 cs.
289 3032 438 3087 Drakenb.
458 3033 494 3086 ed
509 3035 640 3102 Lindo,
683 3035 795 3108 semper
816 3035 855 3090 est
880 3034 1025 3094 voluntas
1043 3038 1165 3097 etlibile
1209 3036 1212 3093 ἷ

157 3127 213 3174 12,
236 3104 398 3186 4.'Ncq11e
422 3118 642 3174 tamensufficit
683 3120 808 3191 injuriae
845 3119 1050 3181 inserendae?
1074 3104 1165 3200 'nequ
1207 3096 1212 3185 i

153 3197 236 3268 quod
261 3212 290 3250 et
318 3197 362 3251 ibi
383 3199 532 3256 Drakenb.
560 3204 640 3258 etin
684 3223 738 3277 ego
761 3202 983 3275 Quintilianum
1013 3227 1093 3287 puto
1118 3207 1163 3264 cui·
1209 3276 1212 3283 Ι

152 3278 302 3334 Thesauro
330 3281 470 3340 Gesnerut
497 3286 645 3363 interpre·,
682 3308 768 3361 quem
793 3288 850 3344 hoc
880 3293 1109 3359 concessurum,
1140 3304 1163 3346 nt

153 3376 282 3419 umento
301 3364 442 3425 adhibent
459 3369 576 3444 insuper.
681 3371 838 3446 aliquando
861 3374 974 3430 necesse
997 3374 1096 3435 suerit
1115 3394 1162 3433 eet·

195 3447 245 3513 65.
291 3455 422 3518 concita,
485 3455 636 3530 intellige:
679 3459 777 3537 viciari
813 3457 908 3514 matri.
980 3464 1085 3520 immo
1118 3462 1161 3518 be

150 3547 263 3592 „meter
275 3534 307 3589 in
321 3535 451 3596 silium.“
679 3543 745 3597 vult
761 3542 879 3603 rhetor,
902 3544 1063 3602 remissum
1080 3540 1161 3605 videi

193 3632 224 3671 ut
261 3619 370 3696 etiamfi
407 3645 463 3680 non
495 3622 637 3700 poffumus
678 3628 776 3690 metri,
800 3626 879 3701 qnod
895 3631 1026 3687 omniuo
1041 3632 1160 3689 sierint·

149 3705 315 3768 conviciari.
360 3710 437 3764 nolle
481 3711 634 3766 videamur.
679 3712 851 3784 quibetUut
872 3711 980 3785 pietati
1001 3730 1159 3793 reponem»

149 3786 237 3857 Quod
253 3788 560 3848 hicerecentioribut
574 3795 637 3867 post
680 3796 759 3868 quod
786 3794 1035 3859 necessitatis-est.
1079 3797 1159 3859 Etit

145 3868 285 3944 poffumus
309 3874 445 3931 inseiitnr
467 3897 522 3930 non
546 3878 635 3932 sensui
677 3880 991 3952 reddiditGedoynne.
1008 3883 1160 3962 Respondd

145 3972 330 4027 nequequam
362 3961 509 4014 conducit.
568 3964 634 4017 Erit
678 3962 800 4019 alterum
821 3983 893 4018 mox
909 3963 1026 4043 siquid
1042 3972 1158 4041 objicis·-

146 4036 225 4089 enitn
248 4042 465 4118 nonpoffenon
486 4050 634 4101 conviciari
677 4049 817 4104 dunte'rit.
849 4051 883 4102 ln
897 4052 1026 4109 nolendo
1043 4055 1157 4128 εἰμι
1196 4078 1199 4085 ·

143 4118 194 4174 rel
220 4121 353 4179 invitum
389 4127 505 4208 aliquid
535 4130 631 4188 dicere
676 4145 726 4200 72.
747 4133 820 4189 item
838 4133 910 4191 velle
927 4134 1008 4194 ibid.
1031 4144 1060 4217 ς.
1079 4138 1126 4209 76-
