2558 5236
37 284 44 297 ·
135 231 237 368 '406
395 226 581 346 nstrar.
609 268 939 368 ournrunut

165 463 285 543 credo
304 464 350 539 in
367 463 440 538 illo
463 488 537 563 pro
556 456 812 561 Cteliphontc
828 457 972 535 timido
988 455 1176 533 summis·

163 573 287 681 ioque
311 579 530 680 principio:
560 573 614 650 fic
637 575 847 651 formatam
862 572 1071 652 Ciceronis
1088 599 1177 648 ma-

165 717 289 782 num,
317 719 411 769 cum
434 691 604 780 diceret,
635 693 679 767 Si
685 702 709 780 ‚'
721 689 891 788 judices,
912 692 1064 795 'ingenit'
1088 693 1175 779 mei,

166 803 405 920 quodsentio
420 800 601 918 quamsit
619 811 816 911 exiguum.
857 804 1007 879 Eadem
1021 804 1175 902 aliqua·

166 942 283 1002 tenus
320 924 485 999 liberius
514 920 700 998 deorsum
734 918 1001 1021 spectantibus
1036 911 1175 1018 digitis'

116 1082 119 1090 ·
168 1042 372 1140 colligitur
385 1041 430 1113 in
445 1064 541 1127 nos,
570 1053 609 1111 et
623 1034 752 1111 fufius
768 1037 891 1135 paulo
905 1036 949 1109 in
967 1031 1176 1112 diversum

47 1168 50 1173 ’
167 1154 393 1242 resolvitur,
404 1239 406 1242 Α
418 1170 464 1230 ut
481 1149 781 1253 quodammodo
796 1149 1022 1225 sermonem
1038 1147 1175 1249 ipsum

112 1285 152 1353 98
166 1264 347 1372 proferre
373 1269 567 1343 videatur.
613 1269 735 1343 Binos
761 1267 921 1341 interim
942 1265 1091 1366 digitos
1112 1264 1223 1339 dim

166 1384 423 1486 stinguimus‚
451 1382 519 1459 sed
538 1408 622 1476 non
638 1379 787 1457 inserto
807 1381 977 1482 pollice,
1005 1381 1176 1483 paulum

145 1516 298 1578 ,tamen
320 1496 581 1575 inferioribus
601 1494 1001 1600 introspectantibus,
1028 1493 1097 1571 sed
1121 1520 1174 1573 nc

1 1704 2 1712 ἵ
56 1758 61 1765 .
165 1713 234 1770 loco
246 1713 321 1773 Jent.
338 1729 367 1768 at
381 1710 446 1766 rell.
462 1732 477 1765 a
495 1712 638 1773 Cicerone
656 1732 718 1768 non
734 1710 887 1768 abludunt.
1075 1714 1106 1767 in
1120 1733 1178 1770 tros.

165 1801 214 1855 tio
230 1798 330 1853 Turia.
344 1795 421 1851 Flor.
439 1796 540 1851 Ambr.
556 1813 583 1852 a.
599 1795 697 1852 Gttclf.
715 1798 815 1871 Camp.
832 1817 899 1853 cum
911 1795 986 1853 Alm.
1005 1793 1073 1852 ald.
1091 1799 1175 1856 Geta.

163 1880 286 1955 Reliqui
300 1883 328 1934 in
345 1900 387 1942 os,
409 1899 538 1954 quorum
555 1881 593 1937 all
610 1881 701 1936 Goth·
716 1880 792 1940 Vall.
819 1881 912 1937 Modo
929 1881 1039 1936 tollitur
1056 1883 1136 1941 Vols.
1152 1903 1176 1941 ι.

165 1966 275 2040 colligit
295 1966 370 2024 lent.
392 1984 458 2019 cum
480 1964 546 2020 add.
567 1965 687 2040 postem
711 1982 775 2022 anta
796 1965 862 2021 Ald.
877 1987 928 2021 nos
944 1964 1059 2040 effufius
1075 1965 1172 2026 Gueli.

165 2043 274 2126 diversa
290 2049 380 2106 Goth.
396 2050 471 2110 Janl.
486 2068 553 2107 cum
571 2049 636 2106 edd.
647 2051 772 2127 pollen·
790 2067 854 2105 anta
869 2051 952 2107 Laid.
973 2070 1033 2106 exc.
1047 2051 1116 2107 Ald.

184 2221 202 2245 ··
226 2185 393 2274 pgiliinot.
415 2202 516 2259 Ambr.
533 2219 562 2261 2.
583 2203 681 2259 Guelf.
704 2203 793 2259 bonis.
827 2202 910 2259 Alter
931 2219 959 2258 et
978 2219 1050 2259 mox
1075 2205 1175 2279 digitis

48 2376 51 2382 Ι
74 2299 77 2303 ’
165 2287 309 2430 :nspecApp
330 2286 411 2363 Dein
432 2288 506 2348 Jans.
529 2289 599 2362 (tac.
622 2287 722 2362 Gelu.)
743 2291 848 2343 incerto
872 2289 940 2344 cunt
969 2288 1034 2345 edd.
1052 2289 1175 2367 postem

209 2571 258 2629 97.
278 2553 485 2632 staformatam
499 2559 645 2616 Ciceronis.
730 2562 759 2614 in
774 2577 833 2617 not.
848 2559 1015 2615 Rectissime
1031 2560 1174 2620 Gelnemt

164 2639 257 2704 „Non
271 2642 364 2695 credit
378 2641 479 2703 Fabio.
496 2657 572 2696 certe
586 2663 645 2698 non
687 2641 761 2699 hanc
778 2645 947 2719 scripturam
963 2661 1078 2708 tuetur.
1095 2649 1173 2722 quia.

164 2726 291 2798 ..probat
306 2724 384 2779 hunc
399 2723 508 2799 gestum
519 2729 549 2780 P.
560 2729 580 2779 F
582 2749 646 2783 ran·
688 2727 769 2803 quod
784 2724 856 2784 alibi
871 2727 989 2804 legitur,
1010 2733 1039 2783 in
1054 2751 1175 2798 ot-„ur-

164 2809 249 2872 „eiua
268 2810 301 2865 in
314 2811 439 2885 specim.
453 2809 540 2888 Eloqt
555 2828 644 2868 exter.
686 2813 827 2875 .,lorn1n“
863 2812 917 2869 fibi
953 2815 1007 2867 affe
1037 2817 1175 2874 videatur

165 2891 280 2968 ‚.p.63.
310 2895 646 2970 Aelana‚l'1vclaptan·
686 2914 755 2960 „aut
782 2898 949 2962 liminum,
985 2917 1046 2954 non
1076 2916 1175 2958 mato·

141 2978 321 3041 ·„trionalia
358 2978 443 3054 plaga
475 2980 646 3053 frigidiores
688 2983 1059 3056 ..rim1.“cf.t.89.ro5.
1090 2989 1174 3041 idem

164 3079 240 3123 ..noa
261 3063 346 3125 iacit,
376 3063 435 3120 [ive
455 3079 531 3118 aetat
552 3065 647 3119 nostra
688 3065 865 3122 illustrandis
884 3068 957 3128 istis,
982 3081 1013 3122 ut
1037 3072 1174 3145 qupdam·

164 3144 367 3208 ..moderatior
407 3146 555 3202 tardiorve
593 3146 646 3210 cll.
690 3152 966 3218 modo-videatur,
988 3151 1059 3208 haec
1075 3157 1173 3210 addita

163 3227 276 3302 „galina
299 3230 417 3302 quidam
437 3230 648 3301 Quinctilianai
688 3236 744 3297 „ad
767 3237 823 3292 hoc
845 3235 909 3293 latis
930 3238 982 3294 ello
999 3238 1130 3303 videtur.
1151 3240 1175 3296 li

143 3331 284 3395 ⁸„parunt
300 3313 401 3369 decere
422 3311 647 3371 nostroehomi·
688 3320 831 3385 „collecta
860 3338 887 3376 et
906 3323 1003 3378 versut
1026 3322 1173 3379 dicentem

161 3415 233 3457 „nea
275 3396 452 3454 videntur.“
493 3400 643 3463 Gesnerua.
685 3406 817 3469 „directa
841 3425 942 3462 manua
965 3407 998 3461 in
1021 3406 1171 3465 diversunt

161 3481 277 3536 Locum
296 3483 350 3537 affe
373 3484 513 3558 principii
532 3486 643 3540 Tullia·
683 3490 722 3552 „i
737 3491 773 3544 ad
788 3493 935 3546 auditores
952 3491 1022 3546 dum
1036 3493 1171 3553 refertur,

161 3585 214 3621 nac
236 3587 289 3642 pro
304 3568 413 3624 Archia
434 3588 521 3625 namo
543 3571 641 3634 nescit.
683 3575 880 3638 „resolutum
923 3593 957 3632 ut
986 3576 1108 3650 prodire
1134 3596 1171 3632 ax

161 3650 198 3706 ci.
219 3670 264 3714 tt,
285 3673 311 3717 r,
331 3672 377 3727 ¹9·
683 3656 799 3721 „clauso
851 3659 988 3715 videatur
1035 3663 1171 3716 oratio.“

203 3737 386 3813 aliquatenus.
394 3740 543 3819 Displicet
553 3759 640 3815 quam
684 3743 772 3814 Quod
788 3764 929 3819 reponere
942 3744 1016 3801 velit
1029 3747 1171 3802 francici·

158 3823 286 3877 maxime
301 3822 357 3879 hoc
373 3827 546 3883 adverbium
557 3823 642 3879 alteri
678 3823 786 3902 sursum
809 3849 864 3903 pro
888 3829 1029 3904 deorsum,
1053 3828 1172 3885 facilio-

157 3905 381 3971 superadditum.
449 3909 552 3966 Malim
589 3909 643 3962 ali·
684 3930 745 3965 rem
784 3913 846 3966 lane
880 3916 915 3967 ad
946 3914 1171 3988 imaginandum

159 4002 282 4062 quanto.
312 4010 342 4049 et
360 3997 454 4073 magia
476 3995 565 4051 etiarn
588 3993 641 4073 ali·
682 3995 801 4068 praestat
823 3997 948 4072 gestum,
971 4000 1018 4054 scd
1032 3997 1170 4056 lrocuon

157 4074 279 4148 quando.
683 4077 721 4136 ast
734 4080 870 4138 criticum
885 4059 979 4162 agata.
1060 4124 1063 4130 -
