2558 5236
261 790 383 903 intr.
410 764 620 867 canton
651 798 743 868 ara.
768 799 843 885 x1,
868 790 929 865 ‘a'
1011 816 1095 892 ata·

80 981 258 1079 subirent
283 984 411 1061 velut
429 983 603 1062 otiolum
631 988 814 1062 animum
845 987 1085 1088 plerumque

71 1095 177 1173 ”eliae
209 1093 484 1200 cogitaticnes,
530 1115 695 1202 propter
728 1125 826 1197 quas
848 1102 1082 1179 excitandus
1210 1118 1217 1171 l

80 1211 136 1287 est
155 1232 283 1304 voce,
307 1232 362 1290 ut·
377 1217 532 1316 duplici
554 1231 671 1291 motu
694 1221 856 1308 juvetur
876 1211 1087 1307 memoria,

79 1325 241 1404 dicendi
263 1348 303 1404 ct
326 1330 536 1412 audiendi.
594 1329 672 1405 Sed
692 1330 790 1403 haec
817 1355 898 1407 vox
920 1330 972 1407 fit
990 1358 1082 1409 nro«

79 1442 186 1533 dica,
215 1460 254 1518 et
277 1449 400 1546 magis
421 1438 617 1520 murmur.
665 1444 746 1550 Qui
770 1460 902 1520 antem
925 1448 1080 1546 legente
1096 1457 1139 1525 at

56 1559 157 1635 'alio
174 1558 330 1648 ediscit,
357 1563 404 1633 in·
413 1574 523 1660 parte
542 1558 728 1646 tardatur,
755 1559 868 1658 quod
886 1563 1014 1635 acrior
1025 1560 1097 1635 est·
1214 1583 1218 1599 ·

77 1676 306 1761 oculorum,
336 1698 457 1772 quarn
473 1675 634 1748 aurium
649 1671 804 1748 sanine:
832 1677 878 1748 in
897 1689 1006 1774 parte
1020 1681 1084 1768 iu·

79 1791 167 1864 vari
182 1787 320 1888 potest,
349 1787 471 1887 quod,
492 1806 584 1864 cum
600 1786 720 1862 semel
735 1804 806 1872 aut
819 1789 879 1865 bis
897 1788 1084 1879 audienti

80 1905 276 1978 continuo
298 1904 360 1977 illi
380 1906 612 1981 memoriam
642 1901 755 1979 suam
779 1900 953 2005 experiri
972 1907 1083 1995 licen

15 2033 122 2106 ψεῖ
139 2043 231 2093 cum
254 2021 407 2119 legente
427 2019 697 2095 contendere·
735 2019 842 2095 Nam
865 2037 904 2094 et
928 2021 1084 2121 alioqui
1150 2094 1153 2100 .

77 2132 125 2207 id
136 2131 550 2210 maximefaciendum
569 2132 792 2221 est,·ntnos
809 2133 980 2209 subinde
996 2149 1083 2213 ten·
1124 2164 1129 2185 ²
1175 2182 1181 2191 ·
1226 2173 1230 2185 ·

76 2262 231 2324 ternus:
261 2250 354 2345 quia
382 2252 573 2325 continua
594 2251 732 2337 lectio,
761 2263 802 2321 et
825 2272 928 2347 qnae
944 2236 1102 2350 megia·

77 2379 117 2438 et
133 2388 235 2462 quae
251 2360 386 2441 minu's
399 2364 576 2453 haerent,
594 2365 811 2464 aequaliter
823 2368 975 2442 transit
1031 2371 1080 2442 ln
1096 2379 1138 2441 at

77 2478 339 2580 experiendo,
368 2496 568 2567 teneasne,
597 2496 636 2556 et
663 2475 789 2572 rnajor
817 2480 1082 2572 intentio-est,

78 2610 118 2669 et
130 2595 234 2670 nihil
251 2591 487 2697 supervacui
500 2596 691 2694 temporis
707 2595 821 2692 perit,
846 2619 928 2693 quo
949 2598 1082 2685 etiam,

80 2735 180 2811 quae
199 2725 399 2800 tenemus,
434 2712 562 2810 repeti
581 2709 729 2785 solent:
764 2709 817 2781 ita
841 2707 946 2798 sola,
981 2734 1083 2806 quae

79 2822 340 2917 exciderant,
358 2818 638 2916 retractantur,
664 2839 712 2901 ut
726 2824 860 2903 crebra
873 2825 1085 2939 iteratione
1165 2846 1168 2851 ’

77 3059 177 3116 Turio.
198 3056 278 3118 Flor.
303 3063 399 3121 Gnell.
422 3063 562 3119 omittunt
575 3057 605 3137 fi
626 3078 692 3115 cum
711 3058 788 3117 alm.
811 3061 930 3115 Omittit
948 3056 979 3112 id
992 3056 1085 3114 merle

79 3160 144 3200 ente
160 3164 267 3220 quoque
287 3148 384 3202 Gueli.
399 3150 471 3203 item
486 3166 557 3200 mox
573 3147 622 3198 dat
634 3132 697 3200 vo'er'
713 3161 780 3198 cum
795 3145 865 3198 Exc.
880 3147 994 3198 Senten.
1010 3142 1086 3198 item

78 3231 227 3285 decuerunt
249 3229 338 3285 Goth.
361 3234 435 3299 (tec.
452 3231 509 3286 Ges
528 3232 558 3299 .)
584 3246 651 3283 cum
667 3228 746 3286 Voff.
763 3241 791 3284 Ω.
988 3240 1015 3281 et
1034 3248 1086 3283 aa·

78 3314 184 3368 aliendi.
205 3315 303 3371 Turic.
319 3315 432 3370 omittit
446 3333 513 3370 cum
530 3314 606 3369 Alm.
628 3331 688 3367 non
704 3311 783 3367 Flor.
799 3312 847 3379 (ct.
862 3311 977 3383 modo.)
992 3310 1083 3369 Goth.

78 3396 129 3453 hie
142 3399 226 3454 modo
242 3418 296 3473 pro
313 3413 401 3463 reeta,
423 3399 503 3475 qaod
523 3399 617 3473 ipsum
633 3396 750 3472 emebat
764 3396 912 3459 Francius,
927 3394 1014 3449 male.
1099 3428 1102 3434 ,

141 3544 192 3603 54.
215 3538 306 3590 acrior
320 3529 367 3608 est.
389 3535 488 3590 Turic.
505 3533 626 3594 omittit,
642 3529 728 3587 [olna.
902 3546 931 3585 et
948 3549 1020 3608 quae
1034 3529 1085 3585 mi·

81 3634 140 3672 aas.
150 3620 251 3676 Ambr-
262 3636 291 3675 2.
306 3619 428 3676 omittit.
447 3618 541 3676 Guelf.
559 3633 585 3671 et
601 3619 700 3673 nrinas.
730 3614 824 3671 Modo
841 3615 871 3670 id
885 3613 1085 3672 omittitFlor.

83 3713 112 3752 et
127 3703 214 3776 paulo
229 3720 294 3759 ente
311 3704 376 3758 licet
396 3703 472 3759 abest
492 3703 528 3758 eb
545 3701 624 3762 Voff.
645 3723 670 3755 ι.
688 3714 717 3767 5.
891 3699 1014 3760 haerent,
1039 3718 1085 3753 ae·

84 3785 209 3857 qualiter.
230 3788 307 3844 flor.
329 3789 426 3843 harenc
441 3808 483 3843 ae.
507 3788 612 3843 Ambr.
631 3801 659 3838 2.
683 3785 815 3839 haerente
834 3785 961 3858 qualiter.
983 3782 1085 3857 Cemp.

82 3865 160 3931 (nili
186 3872 265 3940 qnod
285 3892 340 3948 per
360 3875 408 3940 E)
430 3875 523 3929 haeret
544 3892 588 3927 ae.
615 3888 683 3925 cum
706 3867 795 3925 Goth.
816 3868 896 3931 Vols.
914 3882 942 3924 2.
967 3882 996 3922 et
1017 3864 1084 3924 edd.

82 3964 149 4007 ente
162 3950 232 4011 Bell.
595 3949 597 3953 ’

151 4099 200 4155 tt·
224 4093 321 4163 repeti.
341 4090 421 4150 Flet.
441 4088 539 4149 Gueli.
559 4091 630 4146 Exc.
647 4093 761 4147 senten.
776 4091 876 4164 Camp.
892 4086 1007 4163 reperiri
1019 4100 1088 4141 cnm

84 4170 175 4228 Goth.
198 4172 278 4232 Vols.
299 4195 325 4232 1.
342 4192 371 4234 a.
390 4190 419 4245 5.
442 4175 528 4233 Bodl.
551 4179 651 4230 Ioann.
675 4190 704 4229 et
724 4175 788 4229 edd.
812 4189 876 4227 ante
891 4171 957 4227 Ald.
976 4172 1089 4245 repetiti

82 4257 186 4312 Ambr.
210 4271 238 4313 e.
281 4259 374 4317 Mede
399 4263 500 4337 camp.
515 4257 714 4336 supervacanei
737 4276 802 4313 enm
825 4256 916 4310 Andr.
935 4254 1002 4311 Atd.
1033 4254 1091 4310 Sed

83 4341 174 4397 Goth.
195 4344 271 4418 petit
286 4361 341 4415 pro
359 4349 439 4418 perit.
462 4346 558 4402 Gueli.
582 4363 637 4420 quo
658 4360 787 4397 tenemus.
824 4338 893 4403 llla,
917 4360 990 4413 quae
1004 4338 1090 4415 estin
1103 4392 1117 4401 ,

83 4427 162 4484 volt.
179 4442 206 4486 2.
231 4426 384 4483 omiffiene
397 4424 521 4487 lacrum:
546 4432 587 4482 ita
598 4427 663 4502 sola
675 4457 720 4471 -
735 4445 894 4503 quenquam
903 4423 999 4499 solent
1013 4437 1090 4478 caret

81 4511 174 4568 Goth.
198 4513 311 4568 contra-
324 4510 462 4589 inssueli.
472 4513 668 4570 defiderantnr
679 4512 764 4566 haec:
780 4527 937 4586 quanquam
946 4506 1091 4583 soient·-

85 4597 159 4669 qaod
177 4596 348 4652 exciderunt.
513 4598 673 4653 iteratione.
695 4591 1091 4652 SieTuric.Fler.Ambr.2.
