2558 5236
158 428 162 440 ,
219 258 310 424 ἰιι
477 329 534 400 ιι
557 296 658 399 ran.
683 288 998 424 eumanum

119 489 125 506 ⁴
151 597 155 604 ,
239 545 331 596 cum
347 520 467 617 gratia
483 518 619 593 tradit:
650 540 743 591 cum
761 516 840 591 hoo
865 517 1033 593 amictus
1053 541 1188 616 genus
1207 521 1248 594 in

240 634 374 710 statuis
399 659 540 710 eorum
564 656 747 732 quoque,
771 726 774 731 ³
794 632 866 729 qui
890 628 977 732 post
1005 633 1251 710 Ciceronem

181 747 424 838 masuerum,
461 764 651 848 appareat.
709 746 945 833 Palliolum,
976 742 1085 821 licut
1099 745 1250 840 fascias,

241 864 389 962 quibus
406 889 519 939 crura
538 862 773 949 vestiuntur,
797 874 837 933 et
850 855 1006 949 focalia,
1029 877 1072 934 et
1086 866 1249 942 aurium

219 1051 222 1055 .
239 981 467 1078 ligamenta,
494 968 573 1054 sola
590 973 770 1051 excusare
787 973 913 1073 potest
928 975 1140 1053 valetudo.
1174 979 1271 1068 Sedu

238 1093 334 1170 haec
351 1095 516 1170 amictus
533 1091 764 1178 observatio,
779 1088 876 1164 dum
890 1090 1138 1191 incipimus:
1155 1119 1244 1195 pro-

239 1208 403 1284 cedente
418 1216 513 1284 vero'
532 1225 639 1295 actu,
672 1211 750 1300 jam
763 1229 887 1305 paene
903 1205 950 1278 ab
966 1207 1090 1283 initio
1112 1234 1242 1284 nana·

238 1325 380 1412 tionis,
414 1321 522 1399 linus
551 1323 597 1424 ab
627 1321 797 1396 humero
828 1335 932 1394 recte
960 1321 1080 1396 velut
1107 1321 1243 1423 sponte

239 1438 454 1514 delabitur:
481 1453 521 1511 et
539 1462 631 1513 cum
649 1434 699 1510 ad
711 1450 939 1534 argumenta
958 1460 1001 1508 ac
1020 1436 1141 1514 locos
1155 1465 1241 1516 ven·
1269 1476 1271 1483 ·

236 1671 292 1729 pro
317 1651 448 1727 genitivo
471 1669 539 1706 enm
558 1649 635 1710 von.
653 1665 681 1718 3.
704 1649 790 1706 trahit
812 1649 911 1707 Turio.
934 1648 1013 1706 Flos.
1035 1651 1113 1718 (hie
1139 1670 1169 1711 et
1187 1676 1239 1730 grs-

238 1738 330 1808 tiam).
347 1737 422 1811 facit
439 1736 538 1810 Camp.
564 1738 662 1790 Mox'
653 1757 681 1790 m
696 1752 760 1791 ante
770 1730 874 1808 statuis
888 1733 1031 1791 omittunt
1046 1738 1155 1796 Turio.
1169 1742 1191 1796 Γ
1191 1738 1237 1796 lor

235 1818 368 1895 potestC
369 1824 502 1874 iceronem
522 1821 622 1875 Ambr.
644 1833 671 1875 ι.
717 1836 726 1858 ⁸

305 1914 373 1974 144.
388 1900 545 1977 vestiuntur,
559 1919 586 1959 et
599 1901 715 1974 focalia.
730 1903 831 1961 Turio.
848 1896 911 1983 (hie
925 1904 1032 1970 vocal.)
1049 1908 1075 1960 F
1075 1906 1136 1962 lor.
1149 1910 1238 1984 camp

49 2006 52 2015 ’
131 2026 137 2036 -
235 2011 262 2045 ιι.
279 1986 308 2061 f.
332 2009 397 2044 curn
415 1987 490 2042 Alm.
508 1992 670 2060 incipiamus
688 1990 787 2044 Turio.
803 1987 881 2045 Flor.
900 1991 1073 2063 incoepimus
1092 1992 1192 2048 Guell.
1207 1996 1238 2047 iu·

235 2066 356 2146 cepimus
368 2074 441 2133 Jenl.
456 2074 542 2130 Tarv.
561 2077 739 2148 inceperimus
755 2072 828 2129 Obr.
852 2074 933 2128 initio
951 2077 1081 2128 nationis
1102 2075 1185 2133 Flor.
1205 2079 1239 2133 ϋ-

235 2158 340 2214 labitur
356 2161 378 2212 F
380 2156 433 2213 lor.
450 2159 548 2231 camp.
563 2162 630 2212 anni
637 2154 797 2232 strategum
811 2157 888 2213 Flos.
911 2158 996 2212 etium
1011 2158 1134 2216 lacteus
1146 2162 1237 2218 Turis.

233 2241 314 2302 flor.
340 2255 433 2298 autem
445 2239 476 2317 fi
496 2243 522 2295 ls.
544 2244 645 2317 Cump.

230 2447 294 2505 Dio
316 2446 423 2503 Cellius
445 2445 503 2502 lroo
526 2464 646 2519 quoque
669 2444 712 2498 di·
812 2442 890 2517 finus
924 2443 961 2498 ab
990 2445 1108 2504 humero
1131 2477 1176 2492 -
1195 2448 1236 2502 sle·

231 2532 322 2588 aterio
339 2531 554 2585 Fufiumluum
572 2529 712 2584 Calenum
755 2527 865 2583 labitur.
913 2530 987 2585 Cum
1011 2530 1096 2605 sinus
1129 2532 1234 2588 mentio

231 2632 322 2671 armat
338 2635 370 2668 ιιι
387 2612 594 2669 Ciceroneml.
615 2613 665 2683 46.
682 2632 710 2686 p.
753 2611 822 2672 liet,
844 2613 968 2667 humerus
981 2633 1042 2670 ιιοιι
1062 2617 1160 2691 potest
1178 2617 1234 2673 cll'e.

143 2735 150 2753 t
228 2700 323 2756 Reim.
339 2699 409 2768 461.
456 2701 489 2750 In
512 2699 640 2767 ejusdem
662 2716 711 2751 va·
753 2695 808 2749 nili
828 2698 940 2757 dexter.-
964 2711 1056 2774 aquo
1073 2703 1135 2771 jam
1153 2701 1231 2776 plane

227 2787 301 2842 sices
318 2784 427 2837 dictum
448 2797 476 2837 et
491 2782 625 2839 Vatinius
641 2799 710 2835 con·
753 2777 856 2835 defluit
876 2797 951 2855 toga.
1003 2787 1136 2858 Apparet
1160 2785 1229 2840 enim

227 2875 297 2944 Jecrt
311 2868 387 2943 apud
404 2867 533 2922 Macrob.
550 2871 662 2921 Sarum.
680 2879 708 2928 2,
745 2861 839 2938 finum
868 2864 1008 2940 appellari
1044 2868 1229 2944 quicquids

227 2967 257 3021 5.
288 2951 392 3006 Noller
414 2949 708 3024 cum'pcrsucfionem
752 2948 854 3004 dextro
869 2949 993 3005 humet-0
1016 2951 1172 3008 demittam
1194 2951 1228 3006 ls-

227 3050 311 3090 notet
322 3031 421 3095 Plinii,
437 3034 512 3088 [ubit
525 3051 635 3090 mutare
650 3049 707 3090 tra·
748 3033 815 3088 xius
835 3032 907 3094 fluit,
924 3048 1014 3087 totam
1029 3035 1227 3111 deniqueder·

226 3119 270 3174 dic
284 3119 317 3172 in
332 3119 426 3173 credit.
749 3133 822 3171 tram
845 3134 926 3193 togae
951 3118 1108 3185 lacinium
1131 3121 1167 3177 cl.
1188 3121 1225 3174 di·

398 3207 400 3211 '
748 3201 882 3269 ctaadt
902 3211 968 3273 ²4⁰·
985 3220 1048 3259 not.
1069 3215 1099 3271 4.
1128 3207 1223 3279 Quem·

270 3295 336 3355 ι44.
380 3288 539 3343 Palliolum.
580 3288 705 3361 „Capiti
748 3286 849 3347 obrem
864 3305 929 3341 cum
952 3305 1024 3342 mox
1039 3288 1136 3363 finum
1149 3289 1222 3362 jube·

222 3388 430 3447 „aegrotorum
444 3371 626 3427 involvendo
650 3374 704 3427 ser·
746 3389 814 3425 mur
829 3372 952 3440 dejicere,
976 3391 1045 3427 eave
1062 3378 1165 3446 eodem
1185 3392 1220 3426 re·

221 3457 349 3525 „viebat
394 3457 561 3513 Ovidllrt.
582 3477 608 3520 ι,
631 3471 701 3524 755.
746 3455 836 3518 feras.
859 3474 917 3529 quo
937 3456 1069 3531 pertinet
1088 3457 1166 3535 quod
1187 3477 1221 3509 re·

220 3545 353 3616 „Arguat
375 3559 402 3597 et
425 3545 532 3605 macies,
557 3563 606 3595 nec
624 3557 703 3612 turpe
741 3541 868 3608 jicitura
879 3536 1011 3612 finiftrot
1047 3563 1117 3598 num
1143 3539 1218 3596 etibi

161 3634 175 3669 l
219 3631 345 3703 „putaris
369 3628 517 3685 Palliolum
538 3628 634 3683 uiridis
652 3630 702 3679 im·
744 3623 996 3684 dexterelllinus,
1019 3642 1136 3682 utcum
1154 3627 1217 3681 Gra·

217 3709 357 3787 „posuiffe
372 3715 464 3768 contis.
499 3714 563 3770 Seu.
586 3711 697 3785 Quaest.
743 3708 836 3761 novio
853 3709 980 3782 agnoscit
998 3710 1153 3768 Gedterus·
1174 3709 1215 3768 Vi·

217 3813 297 3858 „nan
319 3809 349 3868 4.
376 3813 447 3851 extr.
482 3798 596 3851 Videbis
620 3788 697 3867 quos·
740 3790 830 3844 ciffum
848 3808 917 3866 toga
936 3793 1215 3869 diciturquodont·

216 3879 307 3938 ..dam
317 3883 449 3951 araciles
473 3893 499 3934 et
514 3880 633 3953 palliolo
645 3878 696 3951 fo·
738 3889 782 3928 rat
805 3875 960 3930 humerum
982 3879 1141 3937 sinistrum.
1181 3878 1215 3930 Es

215 3923 339 4034 ‚scaliqiil
362 3966 543 4018 ircumdatos
558 3964 696 4037 pallentes
738 3961 1039 4029 cumrejicienduell,
1058 3963 1215 4019 reminisce-

215 4056 265 4107 „et
299 4067 365 4119 aegr
353 4059 426 4101 ro.‘·s
471 4049 618 4102 Getae-m
650 4045 693 4101 ef.
737 4063 805 4097 mur
831 4063 1032 4120 eorumquae
1062 4047 1214 4122 piaccipie·

137 4198 139 4203 .
214 4126 482 4191 numinianum
498 4131 612 4209 Lupup
625 4145 691 4199 104
736 4128 880 4200 beaturi
897 4141 974 4198 ¹5²3
1002 4150 1058 4189 nee
1078 4127 1211 4211 ufimfim

157 4336 166 4372 l
