2558 5236
96 272 101 284 ’
164 336 240 416 ³⁵4
404 319 461 392 M.
487 321 587 389 rm.
615 315 927 410 oumruuur
965 296 968 310 '

165 512 306 592 odium
322 536 406 586 non
424 503 598 596 offerant,
614 506 862 606 coeperimus
872 499 1066 591 ediscere:
1079 494 1189 579 tum'

164 625 348 729 quotidie
365 624 534 720 adjicere
552 621 729 722 lingulos
744 618 892 708 versus,
913 643 1091 719 quorum
1110 645 1173 694 ac·

167 740 278 819 ceffio
291 741 420 816 labori
433 736 589 813 sensum
605 737 840 811 incrementi
854 758 939 808 non
952 727 1101 822 afferat,
1126 736 1172 811 iu

153 855 363 943 *summam
392 853 441 924 ad
472 847 685 923 infinitum
712 860 841 946 usque
867 850 1096 950 perveniat:
1132 866 1173 926 et

167 972 321 1073 politica
333 968 457 1067 prius,
484 979 574 1037 tum
588 978 807 1050 oratorum,
835 963 1037 1040 novillime
1051 967 1173 1040 etiam

167 1084 360 1163 solutiora
390 1081 590 1168 numeris,
625 1095 665 1152 et
687 1079 812 1176 magis
839 1077 984 1154 abusu
1008 1079 1174 1155 dicendi

25 1232 31 1243 ·
109 1224 151 1290 42
166 1214 341 1287 remota,
368 1196 502 1294 qualia
521 1191 614 1267 sunt
638 1192 1019 1286 jurisconsultorum.
1057 1195 1174 1272 Diffi·

168 1316 306 1391 ciliore
322 1311 432 1386 enim
450 1307 597 1382 debent
613 1304 709 1397 elle,
738 1331 840 1408 quae
861 1325 1060 1400 exercent,
1088 1337 1174 1410 quo

167 1429 218 1505 fit
237 1428 368 1502 levius
391 1420 524 1522 ipsum
547 1421 672 1511 illud,
701 1424 746 1496 in
761 1419 878 1520 ,quod
900 1440 1099 1501 exercent:
1126 1430 1189 1502 ut‘

88 1598 95 1605 -
168 1543 337 1624 athletae
385 1534 634 1637 ponderibus
674 1536 877 1637 plumbeis
921 1532 1176 1617 alluefaciunt

155 1679 332 1759 manus,
362 1651 511 1751 quibus
534 1653 674 1728 vacuis
696 1667 735 1726 et
755 1651 877 1727 nudis
900 1653 947 1726 in
966 1659 1176 1732 certamine

170 1768 373 1854 utendum
389 1764 454 1840 est.
486 1765 585 1848 Non
600 1769 780 1865 omittam
797 1769 928 1855 etiam,
951 1765 1064 1866 quod
1079 1791 1179 1865 quo·

170 1883 336 1960 fidianis
355 1882 637 1985 experimentis
656 1881 985 1984 deprehenditur,
1012 1882 1185 1957 minime

170 1997 338 2075 fidelem
356 1993 429 2071 elle
445 1997 573 2097 ⁴paulo
590 1996 832 2074 tardioribus
848 1996 1022 2098 ingeniis
1043 2022 1182 2072 receu-

29 2138 32 2142 “
77 2142 81 2152 ·
115 2131 157 2198 45
175 2131 255 2190 tem
279 2097 525 2189 memoriam.
593 2116 751 2190 Mirum
779 2111 893 2188 dictu
919 2110 994 2202 est,
1038 2115 1182 2190 necin

169 2228 338 2334 promtu
362 2228 484 2317 ratio,
512 2245 711 2328 quantum
734 2254 817 2305 nox
835 2227 1070 2333 interpolita
1088 2223 1181 2304 affe-

236 2432 364 2503 '0dium.
387 2444 436 2501 Sic
456 2443 557 2499 Turio.
578 2442 657 2499 Flor.
678 2443 780 2502 Ambr.
795 2459 823 2501 α.
845 2444 942 2503 Guell.
967 2448 1041 2502 Exc.
1065 2451 1180 2503 Samen.

172 2534 274 2607 camp.
296 2549 363 2585 cum
387 2527 465 2583 Alm.
488 2526 573 2583 Bodl.
596 2527 675 2587 Voll'.
692 2549 717 2584 1.
733 2542 762 2595 3.
787 2532 878 2588 Andr.
902 2547 931 2586 et
947 2531 1063 2606 aliquot
1075 2535 1178 2591 Burm-

172 2614 296 2688 Reliqui
313 2615 444 2669 taedium.
470 2613 564 2667 Modo
577 2616 660 2686 pauci
675 2612 777 2668 Ambr.
791 2631 820 2670 2.
836 2614 934 2674 Guell.
949 2616 1021 2671 item
1036 2635 1107 2672 mox
1119 2619 1180 2672 Tu·

138 2743 140 2746 ι
172 2701 229 2757 ric.
244 2698 323 2756 Flor.
337 2698 401 2766 (hic
418 2719 433 2751 ι
446 2717 490 2771 pr.
505 2695 559 2768 m.)
573 2694 719 2771 adservant
734 2718 801 2753 cum
817 2699 896 2758 Alm:
919 2700 1071 2757 Omittunt
1079 2692 1180 2775 singu·

173 2785 220 2840 los
232 2784 333 2838 Turic.
352 2781 431 2838 Flor.
449 2780 527 2838 Alm.
551 2781 639 2854 Quod
653 2783 752 2838 Turio.
770 2783 867 2840 Guelf.
882 2787 953 2847 Exc.
968 2788 1083 2841 Senten-
1097 2786 1180 2840 addi·

174 2877 244 2932 cere,
269 2866 364 2922 levius
385 2868 457 2924 lane.
483 2871 540 2922 Pro
563 2867 600 2921 ad
616 2865 667 2941 inf.
683 2866 779 2923 Guell.
791 2867 880 2924 Goth.
899 2873 974 2940 (tac.
989 2871 1143 2937 Geln·).ac
1160 2871 1179 2924 i.

175 2970 243 3008 cum
257 2952 337 3009 vor.
354 2967 381 3006 e.
405 2953 480 3010 Jenl.
497 2952 533 3006 cf.
554 2971 602 3015 ιο,
618 2966 647 3018 7,
665 2962 714 3020 24.
892 2957 978 3027 prius,
995 2967 1061 3012 tum.
1080 2953 1179 3010 Turio.

173 3047 287 3109 purtem
303 3036 407 3103 (etiam
423 3038 600 3108 oratorium).
616 3037 715 3112 camp.
733 3041 811 3111 prius
823 3033 1007 3115 postmodum.

235 3190 286 3255 42.
308 3183 443 3257 plumbeis
458 3183 649 3261 affuejaciunt.
666 3188 767 3244 Turic.
783 3189 861 3245 Flor.
877 3190 945 3259 (hic
961 3211 976 3244 a
990 3208 1033 3261 pr.
1049 3204 1088 3241 m.
1126 3205 1179 3260 pu·

172 3267 253 3322 blicis
268 3264 482 3340 adsuefecerunt.
504 3273 551 3324 Ex
562 3269 639 3327 Alm.
655 3273 773 3327 nonnili
787 3273 914 3349 publicis.
947 3272 999 3330 Ille
1014 3290 1069 3350 quo
1080 3187 1122 3348 dt
1136 3296 1181 3311 -

172 3365 299 3408 exercent
314 3351 426 3406 omittit
440 3354 540 3429 Camp.
644 3355 647 3366 ⁴

236 3511 287 3577 45.
309 3517 422 3581 promtu
436 3507 520 3562 ratio.
541 3502 642 3562 Turic'.
658 3511 680 3562 1⁷
681 3508 736 3567 lor.
751 3510 816 3583 (hic
831 3536 855 3569 c.
866 3534 912 3589 pr.
922 3515 976 3584 m.)
989 3526 1104 3588 propter
1118 3532 1182 3565 ura·

155 3590 224 3675 ¹tle.
246 3589 323 3645 Alm.
339 3582 403 3663 poli
418 3591 626 3664 compendium
641 3597 725 3652 vocis
737 3611 854 3673 propter
866 3599 970 3655 habet:
987 3621 1061 3653 cura.
1085 3596 1181 3651 Modo

216 3774 310 3830 odium
325 3774 435 3833 leborie
456 3776 555 3850 hujus.
572 3778 608 3832 cl.
625 3788 654 3847 8,
741 3782 778 3837 ab
798 3782 847 3857 usu
867 3782 978 3837 dicendi
1000 3783 1021 3837 i.
1039 3781 1180 3843 oratorio.

141 3902 145 3911 .
171 3868 260 3925 Mo.
284 3861 342 3916 Hic
358 3862 487 3937 quidem,
498 3862 653 3938 quodraro
696 3887 732 3921 ne
748 3866 824 3921 forte
842 3870 924 3922 ulum
941 3866 1076 3941 loquendi
1094 3862 1182 3918 intel·

171 3941 201 3996 ei
222 3945 382 4018 contingit,
417 3948 538 4001 taedium
561 3947 652 4002 modo
696 3950 785 4025 ligre,
811 3952 1017 4025 quiestetiam
1035 3949 1182 4003 remotior

168 4025 297 4100 politum
319 4028 463 4103 eleganter
479 4033 546 4086 odio
560 4031 653 4087 varia·
696 4035 731 4090 eb
758 4036 861 4089 orandi
887 4032 1045 4105 majestate·
1089 4049 1182 4108 qum

169 4108 225 4173 vit,
245 4128 283 4167 ue
301 4111 383 4168 idem
395 4131 566 4172 recurreret.
693 4119 834 4177 ICtorum
849 4118 901 4175 illc
916 4115 1053 4176 comma.
