2558 5236
168 374 246 453 4¹4
409 354 933 476 utinamutinam

169 549 243 627 stra
267 562 377 650 parte
403 547 564 647 incipit,
601 548 645 620 in
668 545 803 621 dextra
837 546 1079 646 deponitur:
1111 543 1182 621 sed

48 666 53 677 ’
76 731 80 746 ,
167 663 215 741 ut
232 665 343 768 poni,
361 690 445 743 non
461 679 505 738 ut
518 656 638 737 ferire
652 661 856 738 videatur:
886 649 1123 760 quanquam
1139 676 1180 736 et

97 814 104 833 .
168 784 213 856 in
235 778 319 854 fine
343 780 504 853 interim
534 777 661 867 cadit,
690 794 738 853 ut
755 780 834 853 cito
858 792 990 850 tamen
1019 776 1177 853 redeat:

169 910 209 970 et
230 918 524 992 nonnunquam
548 890 673 967 refitit
698 893 765 967 vel
789 893 1026 992 negantibus
1044 895 1177 983 nobis,

168 1010 235 1086 vel
254 1008 549 1084 admirantibus.
609 1009 685 1082 Hic
702 1023 855 1082 veteres
877 1005 1050 1082 artifices
1070 1007 1178 1083 illud

74 1154 90 1185 ν
136 1171 139 1177 ·
167 1142 273 1202 recte
290 1123 527 1218 adjecerunt,
556 1137 599 1197 ut
619 1147 755 1198 manns
778 1149 861 1197 cum
872 1116 995 1231 sensu
1021 1139 1062 1196 et
1088 1127 1210 1198 inci-¹⁰¹

164 1257 295 1340 μενεῖς
319 1256 357 1314 et
381 1241 645 1339 deponeretur.
685 1239 851 1338 Alioqui
867 1239 975 1311 enim
995 1253 1067 1331 aut
1087 1254 1177 1314 ante

70 1414 79 1428 .
166 1381 308 1434 vocem
328 1357 403 1429 erit
424 1352 572 1454 gestus,
599 1369 668 1427 aut
686 1350 774 1453 post
793 1376 953 1429 vocem:
983 1354 1102 1450 quod
1123 1353 1177 1429 est

111 1488 389 1569 mortumque
404 1462 595 1544 deforme.
636 1472 683 1542 In
701 1470 774 1546 illo
793 1466 889 1569 lapli
907 1470 1034 1543 nimia
1048 1468 1177 1544 subti-

166 1586 278 1661 litate
291 1582 395 1672 sunt,
410 1581 522 1682 quod
539 1583 797 1660 intervallum
813 1601 947 1660 motus
962 1585 1036 1657 tria
1051 1587 1175 1660 verba

47 1692 65 1751 '—
167 1697 242 1774 elle
265 1700 503 1775 voluerunt:
534 1698 646 1795 quod
668 1724 800 1797 neque
823 1697 1077 1791 observatur,
1108 1727 1175 1777 ne·

166 1839 246 1915 que
264 1811 524 1915 fieripotest:
553 1801 703 1888 led'illi
722 1810 832 1913 quali
851 1812 1080 1891 mensuram
1099 1832 1177 1892 tar·

164 1929 298 2006 ditatis
321 1911 611 2030 eeleritatisque
633 1928 807 2027 aliquam
830 1925 905 2004 elle
930 1930 1153 2007 voluerunt
1160 1957 1174 2023 ς

162 2068 295 2144 neque
317 2043 539 2133 immerito,
566 2035 623 2120 ne'
639 2058 706 2120 aut
730 2043 804 2120 diu
827 2043 952 2122 otiosa
973 2042 1067 2120 ellet
1090 2072 1173 2122 ma-

161 2185 252 2250 nus,
281 2176 362 2249 aut,
391 2157 504 2259 quod
519 2160 639 2235 multi
651 2157 823 2250 faciunt,
852 2156 1051 2237 actionem
1078 2188 1175 2240 con·

162 2391 333 2452 dormitavi.
362 2392 427 2448 130st
442 2389 508 2467 fine
527 2339 615 2448 arnep
615 2390 725 2445 interim
740 2376 847 2447 iterum
869 2406 896 2447 et
910 2390 1012 2450 Amba.
1023 2407 1053 2452 2.
1071 2392 1169 2454 Gueli.

161 2497 229 2531 cum
247 2476 326 2538 Vols.
340 2491 368 2545 3·
386 2479 460 2537 Jenl.
479 2483 547 2546 (tac.
562 2476 657 2539 Gesn.)
673 2491 701 2530 et
716 2475 780 2531 edd.
799 2477 917 2552 posterr.
941 2494 1006 2532 ante
1024 2479 1096 2535 Bad.
1116 2485 1169 2537 cito

162 2574 220 2615 turn
230 2562 329 2635 Camp.
345 2581 542 2634 nonnunquam
558 2573 585 2614 et
599 2556 688 2633 resilit
695 2561 795 2634 Camp.
810 2563 854 2616 vel
870 2563 907 2616 ad
922 2560 1048 2634 artifices
1064 2566 1168 2623 Turio.

160 2644 240 2700 Flor.
252 2644 542 2700 amiffismiraantas.
557 2646 728 2699 Hievetares.
754 2647 828 2700 Mox
836 2647 1083 2721 deponeretGotlt.
1094 2649 1168 2710 Jeni.

160 2747 227 2784 cum
244 2728 307 2788 edd.
321 2729 441 2807 posteat.
455 2746 519 2785 ante
528 2728 641 2805 Gryph.
666 2728 759 2785 Modo
769 2750 864 2784 manus
878 2727 1096 2805 consensuVoll.
1109 2747 1169 2803 uz.

228 2896 297 2949 ¹⁰7·
322 2885 355 2938 ln
370 2883 429 2938 illo.
453 2880 532 2938 volt.
545 2901 570 2939 ι.
588 2895 617 2950 5.
641 2881 674 2937 ln
688 2883 748 2937 illa.
771 2881 846 2937 Mox
859 2882 935 2959 quod
951 2883 1066 2941 omittit
1079 2887 1171 2944 Goth·

160 2979 247 3025 aretas
264 2985 319 3038 pro
343 2983 433 3023 nrotus
455 2966 555 3022 Turia.
577 2967 656 3023 Flor.
680 2968 779 3043 Camp.
795 2987 881 3042 neque
896 2967 951 3043 obs.
968 2990 1057 3043 neque
1069 2972 1171 3027 nobie·

161 3069 229 3105 curn
253 3049 353 3105 Turia.
375 3049 453 3104 Flor.
481 3050 577 3109 Guelf.
600 3051 690 3108 Goth.
714 3058 780 3118 (tac.
805 3055 901 3119 Gelu.)
915 3055 1017 3127 camp.
1041 3076 1088 3110 nec
1108 3055 1167 3132 obs.

160 3154 248 3207 neque
263 3134 364 3188 Ambr.
382 3149 409 3188 2.
427 3134 500 3193 Jens.
514 3135 581 3202 (tac.
599 3137 695 3203 Geln.)
712 3155 778 3190 cum
802 3137 866 3191 edd.
881 3137 999 3213 posterr.
1014 3156 1082 3195 ante
1097 3140 1167 3198 Bad.

159 3216 281 3290 Reliqui
295 3236 343 3269 nec
359 3237 385 3271 o.
403 3237 459 3270 nec.
483 3220 556 3272 Item
573 3221 673 3274 Turia.
689 3221 790 3277 Amba.
809 3239 836 3277 2.
853 3222 948 3276 Gueli.
962 3224 1065 3299 Camp.
1082 3246 1170 3302 nequo

160 3302 307 3356 inunerito.
329 3299 450 3374 Reliqui
469 3322 518 3356 nee
539 3307 556 3359 i.
587 3307 643 3359 Pro
662 3304 743 3381 quasi
765 3307 854 3361 modo
871 3307 960 3362 Goth.
983 3311 1053 3376 (tac.
1069 3311 1166 3380 Gelu.)

159 3403 304 3460 tanquam.
327 3385 505 3459 Transponit
520 3388 619 3464 Camp.
634 3390 782 3445 celeritatis
799 3392 1004 3468 tarditatisque.
1022 3394 1126 3450 Ambr.
1138 3408 1166 3448 2.

158 3472 216 3528 alia
239 3491 330 3548 quant.
353 3469 448 3526 Guelf.
466 3473 570 3548 aliqua.
589 3475 662 3533 Jeni.
680 3481 747 3542 (tac.
770 3476 869 3551 Gelo.)
884 3476 996 3531 omittit
1013 3496 1083 3532 cum
1100 3478 1165 3535 edd.

80 3554 85 3563 ’
156 3557 276 3632 pollere.
297 3571 360 3609 ante
380 3554 446 3608 Ald.
471 3558 536 3612 divo
558 3558 602 3613 bis
622 3559 716 3633 polito
735 3559 761 3614 O
782 3560 857 3615 solus
875 3562 949 3621 Jenl.
965 3580 1019 3635 per
1036 3563 1098 3640 l'plt.
1113 3560 1167 3641 effe

156 3641 231 3701 Jens.
247 3645 315 3713 (tac.
332 3639 431 3709 Gela.)
447 3642 535 3698 Tarv.
553 3643 689 3699 Correxit
704 3646 823 3718 Regina.

204 3824 272 3881 106.
294 3839 399 3881 veteres
410 3825 542 3900 artifices.
558 3827 594 3882 cl.
608 3836 638 3900 4,
682 3826 806 3904 diutque
831 3833 857 3903 ᾖ.
875 3837 942 3903 143.
959 3832 1031 3888 item
1049 3833 1165 3891 Plinius

158 3923 185 3970 a,
210 3925 238 3980 9.
270 3919 437 3978 4,2..118.
475 3911 530 3965 Sed
546 3912 639 3990 artifi-
681 3917 879 3985 §.145.148.
921 3917 1033 3973 Laenas
1051 3920 1077 3987 p.
1097 3929 1163 3988 185.

155 4011 198 4045 ees
214 3992 278 4047 lunt
291 4011 491 4068 praeceptores
505 4014 636 4069 pronun·
680 4015 808 4071 qnorum
834 4015 928 4056 tamen
949 4001 1011 4057 duo
1025 4001 1164 4077 postremi

155 4077 306 4141 clationis,
354 4095 388 4133 ut
409 4098 482 4150 mox
512 4077 537 4145 i.
567 4095 648 4155 na..
677 4082 816 4140 veteribus
831 4104 893 4142 uon
909 4086 1110 4150 accensantur.-

154 4159 253 4237 qualee
286 4161 369 4220 inere
390 4159 520 4235 ,Plotius
547 4163 635 4242 Nigi·
687 4157 690 4164 ¹
778 4175 780 4180 ⁴
826 4205 833 4219 .
