2558 5236
70 261 73 270 ⁵
168 302 261 412 428'
361 385 364 392 ,
409 317 468 389 m.
488 317 599 387 nm·
616 314 928 410 oumnnum

167 526 224 584 tes
239 505 364 595 decet,
391 521 432 582 et
446 506 586 582 excitat
600 502 836 582 auditorem.
891 501 1019 604 quue
1034 502 1083 579 in
1100 503 1185 581 Ca·

166 621 268 698 lidio
297 623 439 700 Cicero
470 618 683 709 deliderat,
719 603 818 695 Non
838 612 986 725 frons,
1022 622 1178 719 inquit,

160 729 369 848 'percuffm
403 764 478 812 ooo
492 731 647 841 femur.
713 740 972 841 Quanquam,
1001 729 1035 807 fi
1063 735 1215 825 liceum

119 880 123 892 ’
167 852 218 928 de
236 850 369 929 fronte
389 847 582 928 diffentio.
639 851 747 925 Nam
771 852 891 925 etiam
912 848 1178 949 complodere

17 967 21 975 ’
112 983 309 1049 numanus
328 964 529 1068 scenicum
547 964 621 1055 est,
650 981 689 1039 et
701 981 839 1065 pectus
853 964 1024 1040 caedere.
1063 965 1178 1043 Illud

166 1107 332 1183 quoque
346 1107 436 1159 raro
451 1081 618 1170 decebit,
635 1106 728 1155 cava
743 1104 868 1155 manu
882 1077 1047 1154 summis
1067 1078 1176 1180 digi-

165 1201 217 1274 tis
242 1212 381 1298 pectus
407 1212 609 1300 appetere,
644 1193 858 1296 liquando
882 1211 1038 1270 nosmet
1061 1195 1171 1294 ipsos

164 1313 433 1412 alloquimur,
461 1311 731 1400 cohortantes,
758 1311 1026 1409 objurgantes,
1051 1308 1172 1384 mise·

164 1443 314 1504 rantes:
343 1424 512 1527 quodsi
537 1425 699 1523 quando
721 1423 814 1513 fiet,
842 1440 976 1524 togam
1000 1450 1170 1524 quoque

164 1542 260 1631 iude
286 1542 486 1616 removeri
517 1566 603 1618 nou
630 1539 848 1616 dedecebit
912 1542 960 1614 In
992 1539 1168 1640 pedibus

165 1739 243 1796 nulla
251 1737 400 1816 supplosio
418 1757 458 1799 ⁴eat
472 1738 625 1803 Cicerone,
641 1741 694 1797 ubi
708 1755 804 1795 tamen
820 1739 910 1815 pedis.
947 1776 953 1789 ·
1097 1740 1171 1796 Nam

166 1828 259 1881 eciam.
289 1824 336 1878 Sic
357 1823 457 1878 Turio.
478 1821 555 1878 Flor.
577 1824 678 1880 Ambr.
698 1838 725 1878 2.
751 1824 846 1880 Guell.
868 1824 968 1898 camp.
985 1823 1077 1881 Goth.
1095 1827 1168 1885 Jent

165 1911 233 1977 (tac.
247 1908 330 1963 Gelu.
346 1907 392 1962 led
407 1908 491 1982 prior
499 1905 566 1961 Non
581 1928 699 1984 quoque
714 1928 769 1982 pro
779 1911 867 1972 Nam)
882 1927 946 1963 cum
956 1909 1032 1964 Atm.
1047 1911 1128 1969 Voll-
1140 1927 1168 1966 2.

47 2056 51 2063 Ι
165 2009 193 2047 et
209 1993 272 2049 edd.
288 2009 353 2047 ente
369 1991 482 2067 Gayph.
504 1989 625 2067 Reliqui
640 1995 677 2048 N.
695 2009 731 2049 et.
754 1996 828 2049 Mox
843 2007 871 2048 et
887 2009 950 2046 ante
964 1995 1166 2067 pectus'omit·

163 2091 230 2132 tunt
243 2055 344 2135 dmbr.
355 2093 382 2134 2.
399 2075 515 2140 Gucll.;
539 2059 638 2132 omnia
652 2095 749 2133 autem
764 2078 1005 2147 interjectarum
1022 2098 1122 2133 uranus
1139 2095 1167 2135 et

163 2182 248 2216 mauu
270 2181 337 2217 cum
365 2160 524 2240 posteriore
551 2163 613 2237 ipso
642 2163 803 2220 deliderant
824 2162 924 2219 Turio.
956 2161 1036 2218 Flor.
1065 2165 1167 2240 Camp.

61 2280 67 2288 ·
163 2263 230 2301 cum
247 2245 315 2304 Alm
605 2252 609 2260 “
692 2244 694 2253 ’
725 2243 727 2246 ’
991 2251 993 2256 ⁴

232 2341 301 2403 ¹²4·
322 2352 396 2388 mro.
416 2329 491 2392 Jenl.
509 2352 590 2394 rara.
610 2348 773 2388 correctum
787 2322 898 2405 Regio,
920 2331 965 2386 sed
981 2330 1070 2388 lolue.

156 2437 166 2461 ⁰
246 2416 420 2489 alloquimur.
446 2419 494 2471 Sic
506 2417 606 2470 Turio.
616 2415 695 2471 Flor.
709 2422 888 2490 (quanquam
903 2416 937 2471 hi
952 2416 1011 2469 adl.
1027 2434 1056 2474 et
1073 2418 1168 2494 polle·

161 2500 223 2555 rior
239 2502 323 2554 etiam
338 2501 524 2569 cohortantes)
534 2498 620 2553 Goth.
630 2500 697 2567 (tac.
709 2501 912 2574 Gelu.)Camp.
930 2519 995 2553 cum
1009 2503 1078 2554 Bad.
1095 2503 1168 2559 allo·

161 2581 362 2657 quamurBafil.
384 2584 504 2657 Reliqui
520 2583 699 2657 alloquemur.
725 2587 797 2638 Mox
805 2583 865 2656 fiat
875 2586 948 2644 Jenl.
959 2605 1025 2638 cum
1037 2587 1105 2641 edd.
1115 2606 1167 2662 po·

161 2668 285 2722 steriorr.
299 2684 363 2722 ante
373 2669 448 2722 Bad..
547 2666 698 2723 dedecebit.
708 2668 863 2724 Sicllnrbr.
875 2685 901 2722 α.
915 2670 1168 2745 decedebitTuric.

159 2751 238 2807 Flor.
257 2772 324 2818 cum
340 2751 416 2806 Alm.
433 2752 541 2825 inquo
561 2749 688 2805 nostrum
702 2754 824 2827 agnovit
839 2754 936 2808 Burm.
954 2753 989 2806 cf.
1007 2758 1034 2825 §-
1047 2755 1100 2822 76:
1116 2767 1167 2824 8⁰·

160 2837 281 2914 Reliqui
293 2839 409 2893 decebit.
441 2837 535 2891 Modo
551 2837 795 2893 removere‘Gotlr.
814 2843 881 2907 (tac.
899 2828 994 2915 Gesn.)
1012 2857 1082 2892 cum
1094 2841 1167 2895 Bad.

158 2922 243 2978 nasil.
283 2922 395 2996 Gryph.
427 2920 585 2996 observatur
615 2920 709 2977 Guelf.
734 2924 833 2997 Camp.
858 2943 923 2977 cum
946 2922 1019 2976 Obr.
1048 2925 1167 2979 dextero

160 3005 256 3061 Guelf.
273 3025 339 3060 cum
355 3006 422 3060 Bad.
443 3005 527 3075 Balfil.
550 3007 647 3060 eudem
661 3007 760 3060 Turio.
779 3010 799 3059 F
803 3008 856 3063 lor.
872 3006 972 3061 Ambr.
987 3023 1016 3063 2.
1032 3027 1167 3085 quoram

157 3091 318 3164 postremus
335 3089 446 3163 deform
460 3085 507 3164 est.
552 3092 598 3147 An
614 3091 752 3163 primitus
767 3091 840 3146 aluit
858 3087 918 3164 est?

158 3275 276 3332 traditur
295 3272 396 3327 malim
410 3291 478 3347 prae
501 3273 635 3331 creditur:
724 3287 791 3350 124.
821 3296 877 3333 non
897 3276 1048 3333 dedecebit.
1088 3278 1167 3336 Cum

158 3359 194 3415 cl.
213 3377 259 3420 ro,
277 3375 303 3418 2.
327 3371 375 3411 20.
409 3359 456 3411 De
470 3357 576 3431 sencino
587 3358 635 3432 fe·
679 3382 783 3438 operae
810 3363 938 3438 pretium
966 3362 1023 3416 eric
1048 3378 1166 3421 tantum

157 3444 253 3500 tiendo
269 3445 346 3506 cM.
366 3460 411 3503 12,
432 3460 477 3501 ιο.
678 3451 812 3502 affectum
828 3468 895 3522 prae
911 3448 935 3500 le
954 3447 1048 3509 lerre,
1073 3469 1165 3523 quan·

199 3533 226 3584 in
244 3530 364 3586 Calidio.
390 3526 426 3583 cl.
447 3546 501 3591 ao,
530 3546 563 3591 a,
585 3542 634 3597 23.
678 3547 724 3587 rua
748 3533 784 3586 eli
804 3530 905 3588 inillo
923 3531 1015 3603 gestu,
1040 3549 1166 3608 netega

154 3615 322 3672 LocuaCic.
338 3613 617 3682 estinBtutoc.80.
679 3618 798 3691 quidem
833 3615 950 3671 debebit
979 3615 1166 3673 intervenire

198 3696 561 3776 defideratNoafronml.
572 3714 634 3754 not·
677 3704 777 3756 manui
793 3718 821 3756 ct
834 3699 957 3774 pectori.
1000 3701 1166 3775 Siimpro-

155 3787 218 3842 crit.
677 3785 745 3840 bare
767 3784 905 3842 voluillet
926 3783 999 3837 hanc
1015 3800 1103 3858 togae
1120 3806 1166 3840 re·

197 3869 273 3923 Nam
317 3872 401 3924 eciam
450 3867 632 3942 complodere.
675 3870 838 3925 motionem
852 3873 893 3936 (v.
907 3869 977 3924 Not.
995 3868 1102 3938 Criu),
1121 3885 1166 3925 te·

152 3952 261 4025 „Quod
286 3953 380 4028 ipsum
418 3953 515 4008 levius
538 3968 633 4007 tamen
677 3971 813 4010 mouerat
829 3951 1165 4015 inserturuaalicubiiu

152 4037 250 4099 „estet
262 4040 447 4111 temperatim
457 4057 544 4115 quam
552 4038 633 4093 frou·
675 4037 730 4109 hac
748 4041 892 4097 sententia.

71 4152 75 4159 ·
152 4137 233 4186 „tem
246 4128 430 4198 percutere.“
