2558 5236
207 318 257 412 9⁸
443 314 501 397 ut.
534 315 636 386 aaa.
671 313 984 410 quturmnm

204 506 334 584 Habet
356 521 573 595 amatores,
600 529 674 580 nec
703 504 942 596 imitatores3
972 518 1018 580 ut
1040 503 1278 595 libertas,ut

205 608 440 724 quiunquam
501 618 738 697 circumcisis
787 645 889 721 quae
943 616 1121 710 dixillet,
1197 623 1237 696 ei

270 821 372 879 Habet.
414 823 515 878 Turic.
543 822 654 877 habent.
826 824 996 882 imitatorem
1034 832 1073 874 ut.
1122 820 1236 876 Turic-

205 910 335 962 inmerito
357 909 468 961 remitti.
490 907 568 963 Ποῖ.
590 912 679 980 (apr.
696 908 751 975 m.)
781 909 908 961 inmerito
929 907 1037 959 temeti.
1081 904 1132 957 Ex
1147 903 1233 963 Alm.

205 990 325 1045 affertur
358 993 492 1047 immerite
520 993 641 1046 ‘remitti
698 991 745 1045 Ex
767 990 847 1048 Votr.
879 1009 903 1044 ι.
949 990 1156 1042 immeritorem
1191 1002 1233 1045 at.

203 1077 251 1129 Ex
270 1075 350 1132 Vols.
374 1088 402 1142 3.
445 1078 627 1137 immeritor-as
646 1088 686 1130 nt.
730 1074 828 1131 Gueli·
856 1076 1010 1129 imitatores
1032 1075 1091 1134 uti,
1135 1088 1169 1127 et
1195 1075 1235 1129 tia

203 1159 283 1215 Ποῖ.
301 1158 331 1233 (a
356 1160 407 1219 sec.
421 1162 475 1229 m.)
497 1162 599 1235 Camp.
615 1188 656 1202 -
680 1177 709 1215 et
727 1163 767 1214 uti
782 1157 871 1214 Goth.
889 1174 1007 1229 quoque
1033 1161 1103 1224 (tac.
1125 1158 1234 1225 Geln.)

204 1263 272 1298 ctam
296 1244 372 1301 Vols.
389 1259 417 1299 2.
439 1274 480 1289 —
503 1247 641 1299 immerito
666 1258 697 1296 ut
729 1232 814 1294 nodi!
835 1239 902 1294 Ald.
926 1239 996 1295 item
1019 1260 1114 1313 nrnrg.
1140 1240 1231 1297 Balil.

204 1328 296 1396 (unde
316 1347 370 1401 per
385 1348 515 1385 errorem
530 1329 620 1382 refert
636 1328 736 1380 Burm.
767 1326 804 1378 li.
818 1326 974 1379 imitatores
995 1344 1043 1377 nac
1067 1326 1234 1391 immerito)

203 1428 232 1467 et
247 1410 361 1487 Gryph.
377 1432 445 1469 cum
463 1412 579 1484 aliquot
595 1409 673 1482 apud
687 1411 789 1464 Burin.
963 1411 998 1464 ei.
1022 1409 1128 1462 Turio.
1146 1411 1173 1462 F
1174 1408 1233 1466 lor.

159 1593 164 1601 “
203 1579 342 1634 attentum
365 1577 503 1640 cohibet,
527 1576 607 1651 quod
632 1597 693 1629 am·
737 1577 1031 1649 Quintiliaueaiuiffe
1048 1577 1234 1633 ulumTaci·

201 1663 299 1740 pliora
321 1664 385 1718 fere
403 1665 478 1737 sunt,
500 1682 574 1736 quae
598 1661 692 1716 hicin
736 1677 815 1726 tum,
853 1663 902 1717 eui
925 1682 991 1718 cum
1013 1660 1115 1716 Plinio
1140 1662 1235 1719 Fabii

201 1748 357 1803 hominem
399 1763 600 1820 congeruntur
641 1766 691 1801 en·
735 1745 878 1822 discipulo
915 1745 1151 1803 familiaritatem
1188 1748 1235 1803 in·

203 1833 309 1894 cornia,
336 1850 423 1904 quam
440 1850 514 1903 quae
536 1832 639 1885 cadant
658 1831 690 1884 in
735 1831 884 1888 tarcessilla
918 1832 1069 1887 novimus.
1117 1830 1235 1889 Saltem

201 1916 332 1988 aliquem
357 1914 539 1970 conditiouia
565 1931 592 1969 et
610 1914 691 1969 ordi·
734 1916 925 1973 conciliatum
941 1915 1072 1988 magistri
1088 1916 1235 1971 aninum

201 2001 250 2055 nia
271 2000 348 2071 ejus,
372 1999 457 2070 cujua
483 1999 540 2053 luit
560 1998 689 2055 Tacitua.
734 2016 763 2054 et
778 2004 921 2074 generalia
943 1998 1126 2074 quibusdam
1142 2000 1235 2059 vicii·

201 2084 293 2139 Dicae
314 2083 458 2159 principia
481 2083 604 2138 domum
620 2101 689 2137 con·
732 2085 832 2140 minua
865 2085 1010 2142 insensum
1040 2082 1121 2137 mihi
1144 2083 1233 2160 fingo

201 2168 314 2239 tingere
328 2186 393 2224 eum
408 2165 459 2223 vel
472 2187 576 2241 magna
589 2187 688 2221 rerum
732 2169 765 2223 in
787 2188 841 2231 eo,
864 2190 953 2244 quem
974 2167 1090 2223 fontalia
1111 2168 1235 2227 punina

199 2253 342 2328 gestarum
357 2252 452 2328 gloria
467 2251 581 2316 llorere,
600 2272 688 2325 quem
732 2254 954 2310 commandaait.
998 2255 1072 2310 Cum
1088 2254 1234 2327 primun

200 2340 237 2393 lic
274 2336 374 2395 laudat
408 2338 513 2393 noster.
562 2336 688 2410 Alioqui
731 2354 829 2393 autem
854 2340 967 2395 victum
991 2339 1060 2393 ess'et
1076 2335 1163 2394 illud
1180 2360 1233 2415 pe·

199 2438 332 2498 tempora
343 2422 420 2478 belle
431 2437 609 2495 congruunt,
619 2440 687 2475 cum
729 2423 870 2479 riculoiae
893 2422 1079 2498 eloquentiae
1108 2423 1234 2497 odium,

151 2550 156 2579 :
198 2526 237 2561 ex
268 2506 486 2562 Dodwelliania
521 2506 687 2560 rationibua
730 2516 792 2562 u'on
811 2524 927 2582 poterat
953 2528 1013 2564 non
1028 2507 1233 2571 vehementer

199 2592 346 2647 scribendi
374 2590 465 2662 hujua
492 2589 563 2646 libri
593 2589 688 2660 Quin·
731 2589 870 2665 amplecti
899 2598 927 2648 e't
962 2593 1101 2648 admirari
1129 2598 1234 2655 noster

197 2673 314 2730 tilianei
367 2694 457 2730 aniana
501 2672 613 2730 incidat
655 2673 688 2725 in
731 2675 880 2749 impreilaa
897 2680 1020 2753 iugenio
1039 2680 1233 2741 Corneliano

196 2777 335 2832 quartum
352 2777 381 2816 et
405 2762 585 2834 trigesimum
609 2757 688 2810 vitae
731 2758 880 2818 altiffimae
901 2763 1055 2839 sapientiae
1074 2781 1105 2818 et
1123 2771 1234 2844 magni
1259 2800 1263 2805 -

198 2845 303 2901 Taciti.
350 2847 380 2901 Si
396 2846 463 2920 quia
480 2843 588 2898 lentam
604 2839 687 2894 illam
731 2846 823 2899 animi
855 2865 947 2904 notae.
992 2848 1041 2902 Sic
1079 2852 1233 2925 equidem

197 2946 227 2986 et
241 2930 301 2987 lare
317 2932 450 2987 timidam
464 2925 581 2981 dicandi
596 2925 687 2980 ratio·
731 2948 792 3003 quo
825 2934 918 3007 magia
953 2934 1049 2988 lumc'
1068 2935 1233 3011 scriptoria

194 3032 281 3076 nem,
311 3035 397 3090 quam
428 3011 557 3066 maxime
582 3010 688 3084 probat
729 3015 790 3069 mei
818 3014 919 3072 locum
948 3020 1047 3073 animo
1081 3022 1232 3085 revolvo.

196 3102 316 3162 Fabiua,
341 3096 525 3154 abhorruille
542 3095 653 3165 judicet
671 3117 686 3149 a
730 3115 811 3154 tanto
825 3101 940 3157 facilius
956 3105 986 3157 in
1004 3122 1067 3156 eam
1087 3108 1232 3166 concedo

195 3183 384 3241 vehementia
399 3196 428 3236 et
440 3179 685 3244 novitateTaciti‚
729 3184 915 3250 sententiam,
951 3204 984 3243 ut
1006 3187 1149 3246 Tacitum
1176 3193 1233 3251 hie

197 3265 426 3325 eumre'cordari
437 3262 689 3339 velim‚inlignem
731 3270 808 3341 quali
833 3271 954 3344 posteris
984 3273 1167 3348 promiffum
1196 3296 1231 3339 et

196 3355 231 3410 in
253 3353 354 3427 aliquo
381 3370 506 3426 genere,
552 3350 688 3424 quamvis
730 3355 938 3410 annunciatum
975 3371 1085 3431 putem.
1141 3362 1231 3419 Mul.

197 3437 386 3514 improbato,
417 3434 616 3512 praestantiam
634 3435 688 3489 rix
730 3452 794 3490 tum
818 3455 914 3495 umen
938 3428 1029 3504 ibest,
1070 3457 1105 3497 ut
1129 3448 1231 3505 verb.

196 3523 349 3600 repudiari
364 3516 399 3578 ab
420 3518 686 3593 intelligentiilimo
727 3520 789 3597 ipsa
814 3525 992 3594 Quintiliani
1013 3542 1091 3580 recte
1118 3528 1231 3603 plane-

195 3607 376 3685 pulchrique
399 3625 427 3663 et
448 3603 562 3661 honesti
577 3602 686 3659 [ludio-
729 3624 786 3680 que
808 3607 993 3683 interpretari
1016 3610 1093 3665 mihi
1106 3614 1245 3683 videar.'

195 3692 300 3749 liffimo
320 3693 434 3765 judice,
458 3688 574 3764 qualem
596 3706 685 3743 nemo
729 3690 783 3762 qui
817 3713 854 3747 ne
898 3695 961 3748 [ana
1009 3695 1131 3768 quidem
1172 3718 1230 3759 eut

195 3794 283 3855 neget
323 3779 462 3834 nostrum.
525 3776 685 3836 Praeterea.
729 3778 879 3831 emendata
902 3776 951 3832 hic
965 3780 1064 3834 omnia
1079 3783 1227 3845 censeam.

196 3882 363 3938 quanquam
388 3863 433 3917 rei
459 3855 607 3913 manifesta
624 3877 685 3912 non
772 3862 865 3916 Habet
879 3876 1226 3927 amatores—nocuerit.

194 3948 311 4023 reperio
358 3944 543 4002 testimonia.
608 3940 686 3995 nihil
729 3945 844 3999 Mirum
873 3946 955 4002 dictu
983 3951 1035 4010 est,
1058 3969 1147 4024 quam
1176 3958 1225 4013 in.

194 4032 283 4088 habet
310 4030 477 4085 alienum
500 4025 567 4082 reri
585 4025 685 4080 limili·
727 4028 811 4084 Iolitn
856 4033 905 4086 etii
945 4033 1056 4090 diversa
1101 4038 1227 4098 ratione

195 4117 316 4179 tudine,
368 4109 523 4188 disciplina
565 4127 686 4188 quoque
727 4114 819 4170 rerba
844 4130 875 4174 at
892 4144 935 4162 -
956 4122 1081 4177 nocnerit
1101 4111 1137 4176 in'
1161 4122 1229 4186 hoq
