2558 5236
234 324 310 434 420
476 334 534 407 Μ.
558 336 659 407 rm.
688 331 1001 428 comnenus

191 580 195 596 ·
236 528 466 628 frequenter
490 520 778 613 accommodat,
805 519 888 597 five
902 522 947 596 in
961 521 1115 620 digitos
1129 546 1242 623 arga·

149 662 151 667 ⁴
238 659 371 755 menta
405 639 643 740 digerimus,
683 636 766 717 live
791 635 934 713 aversis
951 638 1009 710 «in
1038 632 1243 714 finistrum

238 758 381 864 palmis
397 755 687 844 abominamur,
706 751 790 828 five
816 753 1026 840 obiicimus
1051 749 1244 840 adversas,

239 870 324 950 live
363 873 408 945 in
440 869 544 945 latus
579 885 790 968 utramque
822 865 1113 956 distendimus,
1167 863 1244 942 five

183 983 533 1074 susatisfacientes,
569 999 639 1060 aut
658 980 929 1084 supplicantes
986 978 1159 1056 Diversi
1182 1007 1245 1058 au·

239 1115 320 1178 tem
349 1099 441 1176 sunt
463 1099 509 1175 hi
536 1097 685 1199 gestus,
710 1096 793 1172 five
822 1094 1142 1186 summittimus,
1162 1094 1244 1172 five

239 1215 444 1293 adorantes
474 1200 710 1305 attollimus,
738 1212 822 1288 live
843 1213 977 1311 aliqua
997 1208 1246 1290 demonstra·

238 1334 350 1408 tione
375 1347 443 1405 aut
461 1330 715 1406 invocatione
732 1325 1031 1428 protendimus,
1065 1327 1159 1403 Vos
1175 1327 1246 1404 Al·

151 1458 159 1468 ’“
238 1445 329 1521 bani
366 1442 502 1518 tumuli
540 1458 657 1542 atque
695 1443 778 1516 luci.
848 1437 930 1517 Aut
967 1441 1245 1517 Gracchanum

238 1558 362 1647 illud,
405 1557 494 1668 {luo
526 1584 586 1631 me
607 1550 724 1666 miser
746 1551 974 1664 conferam?
1019 1559 1060 1630 in
1088 1557 1245 1657 Capito·

101 1867 106 1874 ι
200 1812 205 1834 ¹
240 1748 305 1846 edd.
319 1782 440 1863 postem.
456 1803 520 1843 ente
535 1791 628 1844 Stoer.
652 1806 713 1844 exc.
726 1786 793 1845 Ala.
811 1803 840 1845 et
860 1786 976 1881 slipuot
990 1789 1169 1846 Burmanno
1183 1789 1245 1846 titt·

220 1874 289 1934 ‘'tis,
311 1890 370 1948 quo
386 1870 461 1927 male
475 1872 565 1928 rediit
580 1872 653 1929 Obr.
663 1872 725 1948 five
734 1872 923 1963 supplicantes
939 1875 1040 1951 camp.

308 2017 376 2075 ¹¹5·
396 2002 495 2081 gestus,
504 2000 567 2083 sive
574 2006 780 2084 summittimus.
802 2005 953 2065 ominans
965 2005 1028 2084 slve
1047 2009 1156 2066 Turia.
1172 2009 1244 2066 rlor.

164 2112 168 2117 ·
240 2095 343 2152 Ambr.
361 2104 389 2146 2.
413 2093 489 2166 (qui
509 2109 541 2172 et*
557 2093 647 2149 modo
669 2093 732 2169 lic)
748 2091 845 2149 Gueli.
860 2093 961 2168 Cemp.
974 2111 1043 2148 cum
1059 2095 1157 2150 Goth.
1170 2094 1243 2154 von.

199 2176 207 2191 '
245 2199 273 2235 s.
296 2191 324 2233 2.
348 2190 375 2245 5.
395 2193 424 2233 et
444 2175 509 2232 edd.
535 2193 600 2233 ente
620 2177 704 2233 Belil.
740 2175 814 2232 Inest
834 2175 962 2232 inhisce
981 2175 1244 2238 mulcete-brisim

22 2293 28 2304 ι
122 2307 124 2310 ,
209 2282 213 2286 ·
240 2283 329 2338 quem
345 2281 401 2336 ego
421 2260 459 2317 lic
480 2261 619 2326 emendo,
641 2282 735 2318 meam
751 2261 894 2317 rationem
913 2262 1015 2337 peritis
1029 2260 1119 2318 facile
1134 2265 1244 2339 perlue·

148 2408 151 2415 ¹
234 2348 339 2403 durus:
361 2346 549 2403 distendimus.
587 2346 696 2422 Diverfi
716 2370 743 2402 a.
759 2345 786 2423 s.
803 2345 829 2402 lt.
846 2366 874 2419 g.
891 2343 953 2420 sive
964 2344 1181 2421 satisfacientes
1199 2361 1244 2402 ast

232 2429 424 2506 supplicantes
431 2429 637 2503 summittimus,
655 2431 720 2506 five*
738 2448 791 2486 cet.
833 2431 897 2487 Nec
915 2449 987 2504 opus
1004 2446 1065 2485 erat
1080 2431 1242 2488 Pithoeeno

240 2512 305 2574 illo,
328 2515 376 2568 seu
383 2512 527 2578 Danielis,
548 2515 680 2577 invento,
703 2533 737 2571 ut
753 2515 816 2589 post
824 2513 945 2590 supplic.
960 2515 1140 2588 insereretur
1150 2519 1243 2591 jangi-

238 2590 307 2650 rnus.
342 2598 397 2650 Sed
416 2616 488 2652 mox
506 2598 559 2673 qui
577 2615 657 2653 erant
677 2599 770 2655 dativi
788 2595 1030 2671 demonstrationi,
1062 2601 1242 2665 invocationi,

123 2676 127 2681 ’
144 2709 146 2713 ·
239 2680 396 2734 neceffario
412 2697 493 2736 erant
508 2683 641 2736 mutandi
658 2682 803 2746 ablativis,
825 2700 858 2738 ut
874 2683 993 2738 haberet
1007 2703 1068 2757 quo
1086 2685 1242 2740 referretur

126 2818 131 2829 Χ
237 2765 353 2838 aliqua:
381 2765 461 2839 quod
483 2767 628 2821 neminem
651 2768 797 2823 attendiffe
821 2760 906 2823 vilda
925 2767 1028 2823 miror.
1074 2768 1168 2824 Nihil
1182 2771 1241 2824 lane

237 2848 414 2921 adjuvabant
429 2851 506 2906 Vols.
525 2870 550 2905 ι.
568 2864 597 2918 5.
613 2848 854 2924 demonstrationis
866 2865 915 2906 aut
930 2855 1117 2907 invocationis
1133 2854 1241 2909 dentes·

367 2932 531 3005 conseram?
551 2939 580 2989 in
597 2938 784 3009 Capitolium,
806 2938 844 2991 ad
860 2936 961 3010 fratris
977 2934 1173 3012 sanguinem?
1193 2960 1237 2993 au.

236 3017 286 3071 Sic
306 3016 406 3071 Turio.
427 3015 504 3090 (nist
519 3019 600 3093 quod
616 3019 664 3076 hic
672 3018 782 3098 scaris)
806 3019 884 3076 Flor.
899 3020 1000 3075 Ambr.
1011 3037 1038 3075 2.
1055 3021 1154 3077 Gueli.
1174 3041 1238 3077 cum

235 3098 314 3152 Alm.
339 3091 438 3178 (semel
452 3101 530 3155 errirn
545 3103 584 3156 src
598 3105 684 3177 ponit
703 3107 821 3168 Burm.‚
844 3105 948 3160 deinde
956 3102 1127 3179 sanguinem
1141 3107 1238 3162 redan-

235 3181 286 3236 dat
301 3182 345 3237 ibi
361 3184 415 3236 elle
429 3184 526 3248 refert,
548 3185 617 3242 falso
630 3187 709 3242 haud
724 3189 826 3259 dubie)
839 3189 926 3244 Goth.
944 3191 1023 3249 Vou.
1044 3210 1070 3245 1.
1088 3205 1116 3245 2.
1131 3204 1161 3258 5.
1180 3190 1237 3264 (led

145 3265 172 3314 ζ
236 3265 330 3320 ethic
350 3265 429 3323 von.
449 3288 474 3321 r.
500 3280 529 3335 5.
552 3288 605 3344 qno
628 3291 670 3326 me
692 3272 829 3348 irriserunt,
851 3272 930 3334 Voll.
950 3291 976 3326 ι.
999 3293 1053 3348 qao
1072 3266 1247 3331 mesenam*

235 3348 304 3404 dare
319 3362 415 3404 narret
429 3351 541 3416 Burm.,
564 3353 683 3412 turbans
695 3357 829 3432 prolecto
844 3356 954 3433 alique)
967 3358 1044 3418 Veli.
1059 3360 1137 3418 Jent
1151 3362 1235 3417 Terr.

232 3432 308 3509 cons.
332 3437 351 3491 i.
369 3437 399 3492 C·
423 3448 456 3490 at
471 3434 513 3511 sr.
528 3435 695 3513 sanguinem
716 3443 811 3498 madet
823 3464 861 3499 an
877 3443 977 3517 Camp.
1008 3441 1133 3518 Reliqui
1147 3465 1170 3502 c.
1185 3464 1236 3521 pao

277 3628 346 3692 ¹¹4·
379 3628 448 3686 ¹¹5·
482 3619 712 3677 distendimus-
754 3626 913 3688 rius.s1ve
936 3625 1067 3682 consulto
1090 3630 1236 3686 contraxit

224 3702 429 3784 summittimus·
452 3697 520 3761 vido
539 3722 612 3761 nott.
631 3709 709 3764 crist.
754 3713 811 3784 Qu.
830 3711 917 3781 (licut
930 3711 998 3766 lecit
1007 3731 1035 3785 9,
1046 3715 1164 3782 Md),
1181 3717 1235 3771 [ive

276 3801 347 3857 ¹¹5·
385 3792 442 3846 Vos
466 3790 573 3845 Albani
603 3795 711 3850 tumuli.
752 3795 1061 3870 memorialnplusest.
1092 3799 1233 3876 Complu-

229 3872 292 3929 cto.
308 3893 362 3949 pro
380 3872 495 3929 Milone
510 3888 594 3939 c.51.
730 3941 735 3950 Ι
751 3879 830 3933 rium
844 3880 1020 3954 scriptorum
1035 3882 1164 3938 similem
1183 3885 1233 3939 du·

274 3956 464 4012 Gracchanum
494 3958 572 4010 iliud.
626 3959 708 4017 Idem
749 3962 899 4019 bitationis
915 3965 1043 4020 colorem
1058 3967 1233 4024 demonstret

226 4038 315 4093 refert
336 4043 439 4096 Cicero
460 4041 495 4095 de
526 4039 578 4095 Or.
603 4057 632 4108 5,
656 4046 705 4112 56.
748 4047 875 4123 Vulpiut
899 4050 935 4103 ad
959 4048 1065 4110 Catuli.
1084 4052 1136 4119 65,
1164 4068 1230 4120 177·

226 4141 392 4202 quanquam
404 4123 494 4204 paulo
507 4122 705 4187 aliteretube·
745 4150 778 4210 p.
794 4146 865 4210 29¹·
880 4152 934 4193 uec
954 4134 1045 4192 nostri
1061 4135 1231 4196 ιιιιιιιοωοι.
