2558 5236
100 273 104 279 ’
215 323 294 408 49⁰
450 307 512 378 Μ,
533 308 637 379 raa
663 300 982 423 ριιιιιιιιιιιιι

217 492 434 596 iit'aliquis
459 493 563 571 adeo
588 508 725 570 contra
751 492 961 571 veritatem
986 489 1231 585 obstinatuaj

216 611 425 693 utaudeat
438 610 583 699 dicere,
611 607 756 683 eodem
771 610 948 708 ingenio,
978 606 1131 698 studio,
1156 608 1233 687 do·

218 730 346 805 ctrina
369 724 596 827 praeditum
619 724 754 799 nihilo
776 723 1017 799 deteriorem
1038 721 1230 801 futurum

219 859 417 921 oratorem
434 842 585 915 malum
601 839 750 928 virum,
778 858 900 938 quarn
917 840 1089 916 bonum.
1119 840 1228 919 Gon·

162 1001 197 1041 ιι
220 961 430 1036 vincamus
441 956 566 1050 hujus
580 978 746 1055 quoque
758 956 980 1029 amentiam.
999 956 1042 1029 N
1042 978 1111 1029 am
1127 968 1230 1030 certe

187 1112 192 1125 ·
218 1098 343 1153 nemo
359 1070 571 1159 dubitabit,
601 1094 763 1148 omnem
787 1070 1013 1146 orationem
1033 1068 1081 1144 id
1105 1094 1230 1173 agere,

218 1186 430 1282 utiudici,
459 1210 561 1285 quae
575 1180 778 1289 proposita
791 1182 957 1275 fuerint,
985 1209 1085 1261 vera
1100 1202 1143 1261 et
1157 1186 1228 1263 ho·

31 1374 40 1393 ‚
149 1314 157 1335 ‘
219 1301 329 1381 nesta
349 1298 575 1377 videantur.
633 1303 781 1375 Utrum
807 1301 933 1400 igitur
962 1300 1043 1377 hoc
1071 1298 1228 1379 facilius

219 1418 407 1495 bonus
368 1441 433 1491 var
446 1413 709 1517 persuadebit,
738 1440 789 1491 an
802 1416 957 1491 malus?
985 1420 1129 1494 Bonus
1142 1418 1228 1517 qui·

163 1553 201 1605 aa
221 1533 315 1613 dem
339 1528 445 1605 dicet
468 1527 623 1630 saepius
649 1554 744 1604 vera
773 1546 893 1630 atque
917 1529 1097 1607 honesta.
1155 1528 1227 1609 Sed

220 1649 343 1725 etiam
366 1642 400 1719 ti
416 1642 593 1763 quando
596 1645 743 1763 aliquo
767 1645 912 1722 ductus
926 1644 1070 1723 officio
1094 1643 1226 1755 (quod

220 1756 448 1853 acciderat,
442 1772 495 1837 ut
521 1750 903 1869 nioxjdooebimua
936 1758 1101 1864 potest)
1120 1758 1226 1839 ‘falso

187 1926 192 1935 -
219 1876 318 1954 haec
332 1868 541 1967 affirmare
545 1854 769 1975 mutabitur,
779 1881 1039 1970 majoranum
1057 1875 1148 1954 fide
1164 1902 1229 1955 ne·

220 1987 319 2067 eeffe
347 1987 403 2064 est
434 1966 654 2067 audiatur
689 1992 742 2066 At
771 1992 886 2073 malis
915 1992 1159 2071 hominibus
1183 2016 1227 2069 ex

220 2120 428 2184 oontemtu
444 2106 670 2209 opinionis,
697 2120 738 2181 et
754 2108 978 2207 ignorantia
993 2112 1107 2198 recti,
1131 2134 1229 2205 ιιοιι·

219 2245 431 2324 nunquam
443 2218 591 2296 excidit
609 2218 692 2327 ipsa
709 2218 921 2309 [imulatio.
964 2221 1067 2301 Inde
1088 2225 1230 2303 immo·

287 2468 336 2510 ιι.
359 2452 435 2509 Nam
454 2467 535 2510 certe.
559 2452 607 2508 Sic
629 2452 732 2513 Turia.
754 2454 853 2529 camp.
881 2453 933 2510 boa
952 2454 1089 2513 inierunt
1110 2454 1226 2533 reliqui.

218 2537 361 2594 dubitavit
384 2538 486 2592 Turia.
509 2538 589 2593 Flor.
613 2538 714 2614 Cump.
746 2558 813 2594 eum
836 2539 914 2595 atm.
1129 2544 1227 2598 oratio·

219 2642 292 2678 atem.
324 2623 372 2677 Sic
398 2623 500 2679 Turic-
525 2621 604 2678 Flor.
633 2623 735 2679 Amba.
766 2638 794 2678 a.
830 2623 925 2679 Gueif.
948 2637 1092 2681 oratorem
1114 2625 1226 2702 reliqui.

220 2726 304 2781 agere
323 2708 423 2761 vitium
443 2726 514 2783 quaa
535 2706 637 2763 Turio.
660 2706 739 2765 Flor.
762 2707 910 2786 proposita
940 2730 998 2766 om.
1017 2711 1128 2767 Turio.
1154 2710 1226 2767 flor.

220 2809 290 2847 eum
311 2790 389 2847 Alm.
410 2787 554 2866 prepofita
574 2792 677 2848 Ambr.
702 2806 729 2847 ι.
753 2814 824 2849 vara
844 2795 946 2851 Ambr.
970 2811 999 2850 ιι.

327 2877 438 2951 quidem
459 2876 542 2932 dicet.
568 2878 616 2933 Sia
637 2878 737 2933 Turia.
760 2876 839 2937 Flor.
862 2879 963 2956 camp.
985 2892 1014 2933 at
1035 2878 1170 2937 inierunt
1186 2899 1226 2936 ιι·

221 2959 247 3016 li
267 2960 308 3015 ui.

248 2981 266 3037 q
289 3057 338 3098 aa.
378 3043 454 3120 quod
476 3045 611 3103 occideret
631 3046 709 3106 Flor.
733 3049 841 3119 majora
861 3068 921 3106 om.
947 3049 1049 3126 camp.
1070 3051 1164 3105 malus
1182 3049 1226 3104 bo·

268 3276 314 3320 ιι.
358 3276 389 3317 at
428 3282 492 3318 mox
535 3266 703 3322 docebimus.
790 3265 1006 3343 immodeste-
1013 3266 1081 3344 fine
1114 3268 1225 3343 pedore.

219 3349 300 3407 Inita
322 3370 338 3403 a
360 3349 385 3417 b.
406 3350 473 3403 iude
491 3364 541 3417 53.
585 3351 645 3422 Qui
664 3367 704 3405 ta·
745 3357 822 3411 Puto
833 3354 1226 3431 interaffe.quodpriuamo·

211 3455 287 3508 ‘men
300 3434 399 3491 minua
409 3434 502 3490 faveat
515 3435 624 3498 nostro.
649 3453 704 3510 po·
747 3438 786 3494 do
807 3455 897 3503 caret,
920 3437 1045 3494 alterum
1068 3434 1227 3494 mentiendi

209 3520 290 3587 ¹terit
306 3520 368 3575 [aue
391 3518 476 3575 mitia
490 3518 588 3574 modia
603 3520 704 3593 exagi-
746 3525 959 3598 turpitudinem
969 3541 1030 3578 uon
1044 3523 1143 3579 sentit.
1165 3522 1228 3577 Pro·

219 3621 280 3661 tare
303 3622 371 3659 eum
397 3603 456 3657 hoe
484 3622 603 3678 quoque
626 3604 703 3660 inter
745 3628 849 3681 ponere
863 3609 941 3663 enim
951 3607 1091 3684 potestate
1105 3605 1160 3661 itta
1169 3625 1229 3661 ora·

218 3691 377 3746 commoda
406 3685 526 3743 virtutis
558 3687 704 3745 recensen-
745 3692 821 3747 toria
846 3693 970 3756 dicitur,
1009 3713 1067 3767 qua
1098 3691 1229 3747 indicum

217 3790 295 3837 tem,
330 3770 412 3847 quod
432 3770 540 3847 [pecias
569 3775 632 3845 eju·
654 3791 703 3826 ax·
745 3794 792 3831 rea
815 3797 886 3831 mox
901 3776 1085 3853 probandas:
1117 3775 1157 3833 ai.
1186 3794 1230 3832 u·

219 3872 347 3917 tarnaet
365 3857 529 3913 bonafama
553 3856 703 3913 indenata
746 3862 873 3927 5163.
920 3863 970 3917 Vir
983 3860 1079 3916 malua
1095 3860 1148 3915 bio
1163 3876 1231 3937 quo·

216 3941 327 4018 poffint
340 3940 488 3996 interdum
502 3941 704 3998 iucumiacera
746 3963 805 4021 qne
826 3945 918 4001 nimia
937 3944 1117 4022 pollicetur.
1146 3939 1232 4001 standi

218 4025 378 4099 judicibus.
746 4027 786 4085 iia
805 4031 929 4087 securus.

261 4112 411 4186 opinionis.
433 4109 470 4166 ei.
494 4124 531 4173 2,
557 4125 605 4176 12,
632 4125 660 4181 5.
