2558 5236
104 272 107 281 Ι
168 333 244 403 529
324 288 332 323 ²
408 309 465 380 Μ.
492 310 594 378 ΕΑΒ.
621 274 973 416 ΩΠΙΝἸἸῌΑΝΙΙ

169 498 399 603 firmentur:
419 511 649 592 quanquam
662 491 790 570 solent
803 494 881 569 hoc
900 491 986 594 ipso
1000 499 1174 574 maxime

170 595 352 697 subtere,
391 607 503 706 quod
525 608 767 686 exciderunt.
833 610 941 687 Illud
961 607 1175 690 ediscendo

168 722 458 819 scribendoque
493 749 707 801 commune
731 721 808 813 est,
853 728 1013 824 utrique
1045 728 1177 825 pluri-

168 867 281 919 mum
298 835 479 916 conferre
497 836 646 917 bonam
670 839 955 937 valetudinem,
972 839 1178 940 digestum

58 1050 66 1059 ι
115 974 123 1035 .’
171 948 328 1045 cibum,
354 955 533 1030 animum
560 954 867 1054 cogitationibus
883 955 971 1031 aliis
987 957 1175 1030 liberum.

117 1058 320 1150 striarum
336 1070 437 1146 etin
454 1070 516 1158 iis,
530 1094 633 1169 quae
651 1067 887 1170 scripsimus,
908 1072 1175 1181 complecten-

168 1187 232 1266 dis
248 1188 426 1263 multum
441 1185 587 1279 valent,
616 1187 715 1263 etin
735 1186 921 1283 tin-quae
940 1187 1173 1285 cogitamus,

167 1300 423 1381 eontinendie
437 1301 564 1401 prope
579 1297 685 1399 solae
699 1302 889 1399 (excepta,
915 1326 1015 1399 quae
1033 1319 1173 1401 poten·

168 1417 304 1496 tilliiua
318 1414 385 1506 est,
413 1417 710 1513 exercitatione)
727 1407 869 1523 divisio
887 1431 925 1490 et
937 1410 1171 1525 compositio.

58 1580 61 1595 ·
169 1536 278 1611 Nam
299 1527 373 1632 qui
394 1546 498 1605 recte
515 1529 717 1617 diviserit,
742 1542 950 1627 nunquam
966 1535 1114 1633 poterit
1129 1534 1172 1616 in

63 1690 78 1709 ι
112 1672 153 1729 37
167 1670 305 1735 rerum
325 1644 633 1721 ordineerrare.
701 1645 822 1721 Certa·
841 1643 940 1723 sunt
957 1650 1064 1723 enim
1087 1674 1172 1724 non

168 1761 362 1840 solumin
381 1757 610 1858 digerendis
628 1757 942 1857 quaestiouibus,
968 1759 1171 1837 sedetiam

86 1950 89 1955 Α
113 1898 149 1945 .·,.·
167 1881 213 1954 in
231 1864 491 1977 exequendis,
519 1871 691 1951 simodo
708 1889 813 1950 recte
833 1874 1012 1963 dicimus
1041 1877 1171 1975 prima

166 2018 226 2073 ac·
240 1988 431 2078 secunda,
461 2003 500 2064 et
524 1988 730 2092 deinceps:
755 1990 1015 2093 cohaeretque
1035 1992 1169 2068 omnis

123 2090 131 2097 ’
165 2132 304 2188 rerum
325 2105 550 2206 copulatio,
578 2120 626 2181 ut
649 2108 688 2199 ei
711 2105 816 2181 nihil
838 2131 970 2208 neque
994 2103 1173 2183 subtrahi

163 2325 242 2401 (qni
262 2339 292 2381 et
311 2319 412 2397 creba)
432 2320 532 2398 camp.
555 2338 622 2395 curn
647 2323 740 2378 Stoer·
762 2323 886 2382 Chouet.
903 2321 987 2379 Leid.
1004 2319 1081 2378 Roll.
1100 2319 1173 2379 Obr.

166 2410 319 2464 intentione
340 2407 419 2463 Vols.
449 2428 474 2464 r·
517 2403 636 2479 Reliqui
666 2409 862 2471 reiteratione,
895 2407 1067 2463 defendente
1099 2405 1175 2462 male

165 2491 296 2550 Gihlono
306 2490 452 2564 exemplo,
468 2490 548 2564 quod
564 2490 601 2543 esl
612 2506 639 2552 η,
650 2499 678 2561 4,
692 2505 737 2558 ιδ.
756 2493 791 2548 ci.
803 2491 995 2566 Oudendorp.
1010 2493 1173 2549 adsueton.

163 2574 269 2631 Claud.
283 2590 306 2625 c.
329 2588 377 2636 17.
395 2591 466 2630 extr.
488 2573 582 2628 Modo
599 2575 697 2629 Turio.
708 2573 857 2649 scribendo
872 2577 932 2633 fine
946 2597 1006 2651 qur.

227 2657 276 2724 56.
304 2655 407 2710 Verum
428 2669 455 2710 et
473 2657 560 2710 iniis.
588 2657 636 2711 Sic
653 2660 753 2717 Ambr.
771 2676 798 2714 a.
829 2662 929 2734 Camp.
957 2662 991 2714 V.
1014 2663 1098 2715 etiam
1115 2664 1135 2716 i.
1151 2664 1171 2717 i.

160 2743 255 2800 Goth.
275 2740 349 2801 Jens.
373 2743 387 2808 (
396 2756 448 2795 tac.
466 2740 569 2805 Geso.)
591 2758 659 2794 cum
675 2741 752 2800 Voss.
767 2757 794 2800 a.
810 2759 839 2799 et
854 2743 921 2799 edd.
937 2759 1002 2799 ante
1017 2745 1100 2800 Bafil.
1119 2745 1172 2819 qui

163 2829 200 2886 V.
217 2829 267 2883 bis.
291 2823 386 2881 Guels.
412 2825 446 2881 V.
464 2841 491 2880 ee
507 2825 558 2878 hir.
576 2823 698 2898 Reliqui
709 2827 742 2880 V.
758 2841 786 2882 et
795 2831 829 2883 in
844 2829 895 2885 his.
912 2876 915 2881 .
1027 2828 1111 2904 solae
1128 2857 1170 2875 -·

161 2916 364 2969 exercitatione.
389 2911 489 2968 Turio.
513 2908 592 2987 Flop.
612 2909 673 2980 (sed
698 2909 747 2965 hic
763 2913 822 2967 line
838 2932 935 2989 praep.
949 2917 995 2981 er)
1015 2913 1080 2988 sola
1097 2937 1171 2991 quae

183 3011 220 3051 ot.
239 2992 277 3069 est
291 3009 318 3051 et
335 3015 369 3050 er
384 2997 588 3049 exercitatione.
605 2994 707 3051 Ambr.
718 3012 745 3050 a·
769 2998 865 3053 Guels.
876 3003 974 3074 Camp.
988 3001 1169 3071 (quanquam

160 3019 211 3134 sic
226 3079 388 3135 nonhabet
402 3084 444 3146 ct)
451 3078 517 3152 [ola
531 3091 645 3152 excepta
659 3100 684 3152 q.
698 3100 726 3152 p.
743 3077 780 3153 eft
797 3096 825 3138 et
837 3105 859 3138 e.
876 3103 940 3138 cum
955 3082 1065 3146 Voffifi.
1081 3084 1170 3140 Bern.

160 3164 254 3217 Error
270 3163 302 3216 iu
313 3161 379 3236 sola
395 3179 479 3218 natur
495 3184 511 3217 e
528 3163 699 3234 sequenteE
715 3166 747 3219 in
764 3182 886 3242 excepta,
901 3187 994 3242 neque
1011 3181 1070 3219 erat
1087 3165 1171 3238 quod

160 3244 200 3301 iis
225 3246 281 3299 hoe
304 3264 506 3304 annumeraret
529 3245 670 3319 exemplis
692 3251 892 3315 Burmannus,
924 3251 959 3306 de
983 3247 1091 3323 quibua
1109 3252 1172 3323 agit

162 3330 198 3385 ad
217 3342 253 3393 7,
271 3338 307 3395 q,
321 3341 372 3394 δι.
395 3322 538 3406 porijfinia
553 3330 641 3384 Goth.
659 3332 734 3388 Jens.
754 3338 821 3406 (tec.
838 3338 939 3408 Gelu.)
952 3355 1019 3390 cum
1036 3333 1101 3387 edd.
1117 3354 1171 3408 po·

159 3414 239 3471 ilerr.
264 3428 329 3467 ante
350 3411 474 3469 Chouer.
499 3434 559 3470 exc.
578 3412 643 3470 illd.
682 3418 769 3489 Quod
786 3419 861 3474 Alm.
878 3422 1005 3494 ejusdem
1023 3420 1170 3476 accusatur

160 3499 333 3574 scriptume,
363 3497 560 3571 confusionem
576 3499 754 3574 interpretor
770 3505 848 3561 Vols.
866 3519 895 3561 2.
911 3523 1021 3579 ponere
1039 3503 1169 3561 volentia

157 3578 213 3660 (ef.
232 3585 348 3657 ΜΗ.
388 3582 443 3636 Sed
471 3584 495 3650 b.
513 3596 561 3653 qo.
584 3583 752 3659 potiffiruunr
775 3590 958 3664 Carnp.cum
977 3588 1067 3643 Andr.
1084 3589 1168 3648 Basrl.

158 3685 190 3733 et
203 3667 318 3742 aliquot
326 3668 425 3727 Burm·
442 3668 608 3728 Deinvoff.
626 3685 651 3724 ι.
667 3673 694 3723 in
709 3675 869 3745 praemittit
885 3675 951 3729 voci
962 3676 1170 3731 exercitatione.

223 3782 273 3837 37.
297 3771 324 3823 ei
340 3767 419 3823 nibil.
441 3768 542 3825 Turio.
556 3768 710 3862 flot.(hic
724 3793 796 3848 apr.
812 3779 868 3845 m.)
883 3789 911 3831 et
928 3797 955 3830 n.
973 3774 1046 3842 cs.5,
1062 3795 1110 3837 ro,
1120 3775 1167 3851 96.

201 3951 251 4004 57.
272 3935 301 4012 si
323 3938 406 3993 modo
430 3950 500 3992 recta
516 3940 637 3996 dicimus.
682 3943 775 3997 nimio
799 3943 950 4019 splendore
974 3902 1167 4018 return—ipis·

41 4045 47 4058 =
157 4018 640 4080 Nihlorreornrmontistanromb-
683 4045 749 4082 rum
781 4046 951 4104 compagem
975 4045 1005 4084 et
1026 4029 1167 4086 articulos

155 4101 242 4161 itiole
265 4106 471 4183 indulgemus.
495 4125 643 4166 uteorum
686 4111 879 4170 obscuremus.
