2558 5236
167 319 241 394 504
393 297 451 371 Μ.
485 300 588 371 FAB·
624 297 964 393 QUINTILIANI·

112 514 149 578 54
168 490 263 595 ipsa.
291 488 448 593 Quibus
470 512 558 588 ego,
573 512 666 564 eum
684 485 734 562 de
747 476 842 561 ¹meo
859 485 1224 590 primum-operm

171 604 433 706 respondero,
469 606 587 679 etiam
614 628 691 705 pro
720 603 819 677 boni
852 602 934 675 viri
967 597 1131 694 officio,
1155 602 1202 683 su

173 719 336 823 quando
365 744 459 798 eum
485 718 536 794 ad
560 713 833 832 defensionem
861 719 1111 827 nocentium
1132 744 1188 795 ra·

174 840 234 912 tio
255 833 424 923 duxerit,
440 830 680 909 satisfaciam.
739 836 922 908 Tractare
939 834 1075 923 enim,
1094 859 1202 933 quo·

176 948 302 1043 modo
325 965 393 1024 aut
414 972 491 1051 pro
520 945 644 1036 falsae,
665 962 748 1047 'aut
776 947 894 1020 etiam
920 972 1010 1045 pro·
1034 944 1192 1043 iniustis

179 1063 393 1164 aliquando
409 1063 581 1152 dicatur,
608 1087 695 1137 non
725 1059 779 1136 est
807 1062 977 1151 inutile,
1006 1064 1083 1139 vel
1104 1088 1193 1165 pro-
1232 1078 1234 1185 j

178 1196 268 1283 pter
289 1179 367 1255 hoe
391 1175 543 1266 solum,
581 1194 634 1253 ut·
657 1202 703 1253 ea
721 1174 879 1252 facilius
904 1191 947 1251 et
966 1177 1193 1279 deprehen·
1231 1192 1234 1245 2

181 1294 337 1384 damus,
367 1308 407 1368 et
418 1291 646 1369 refellamus
653 1320 665 1382 3
695 1289 1046 1392 quemadmodum
1069 1319 1192 1371 reme·
1231 1288 1234 1351 ἶ

162 1410 249 1485 -dia
267 1409 412 1485 melius
430 1406 647 1496 adhibebit,
677 1410 743 1484 cui
767 1421 874 1497 nota,
908 1432 1016 1506 quae
1029 1424 1190 1499 nocent.

123 1557 159 1615 35
182 1523 345 1600 fuerint.
422 1525 569 1618 Neque
599 1523 708 1597 enim
731 1520 979 1612 Academici,
1024 1550 1127 1601 cum
1152 1527 1191 1601 iu

182 1656 393 1735 utramque
427 1632 695 1712 differuerunt
719 1651 893 1736 partem,
932 1661 1035 1713 non.
1056 1637 1200 1715 secum,

183 1750 283 1825 dum
309 1751 469 1824 alteram
493 1751 653 1826 vivent:
684 1775 758 1824 nec
772 1750 997 1829 Carneades
1012 1756 1105 1844 ille,
1126 1754 1190 1853 qui

182 1868 334 1939 Romae
358 1863 544 1946 audiente
569 1862 761 1947 Censorio
781 1867 936 1944 Catone
951 1893 1042 1944 non
1063 1872 1190 1945 mino·

180 1979 294 2055 ribus
330 1979 486 2054 viribus
517 1995 654 2057 contra
683 1977 1053 2074 justitiamdicitur
1084 1980 1191 2073 dide·

179 2090 320 2183 auide,
348 2119 469 2193 quam
494 2093 626 2197 pridie
650 2120 727 2199 pro
754 2092 903 2188 iustitia
924 2095 1110 2190 dixerat,
1132 2103 1190 2175 in·

180 2206 308 2305 justus
339 2206 422 2310 ipse
446 2210 511 2284 vir
531 2206 622 2285 fuit.
696 2213 845 2288 Verum
871 2227 912 2291 et
934 2217 1073 2293 virtus
1097 2210 1189 2315 quid

183 2320 244 2414 sit,
274 2320 435 2399 adversa
460 2326 499 2399 ei
521 2324 671 2401 malitia
693 2323 852 2426 detegit,
884 2343 924 2402 et
943 2335 1134 2430 aequitas
1148 2325 1190 2404 fit

239 2610 300 2669 34.
322 2622 405 2678 opere
412 2601 560 2680 spondebo
577 2604 677 2660 Turio.
694 2603 772 2661 flor.
791 2627 817 2662 o.
839 2603 1015 2680 respondebo
1033 2611 1116 2669 alm.

360 2688 499 2744 Tractare.
544 2688 591 2744 Sic
605 2689 705 2743 Turia.
726 2689 803 2747 Flor.
820 2692 919 2764 Camp.
944 2711 969 2749 o.
986 2695 1069 2753 Alm.
1088 2710 1192 2769 protae·

183 2782 259 2826 etare
278 2771 379 2827 Amba.
397 2789 425 2833 a.
450 2792 474 2828 e.
491 2774 576 2828 Bern.
592 2774 666 2832 Jens.
685 2774 773 2830 Tarv.
790 2780 963 2850 pertractare
983 2780 1110 2855 reliqui.
1149 2781 1190 2857 ja

131 2867 142 2886 ⁸
183 2856 264 2910 cilius
277 2876 334 2912 non
349 2858 549 2930 deprendamus
564 2856 721 2930 refellamus
737 2860 835 2914 Turio.
853 2858 880 2932 f.
903 2873 934 2914 ut
949 2861 1158 2938 depraedamur
1171 2888 1188 2920 r·

182 2938 261 2995 flor.
277 2940 305 3015 f.
321 2962 343 2996 a.
362 2942 562 3014 depraedamur
580 2963 603 2996 e.
620 2965 641 2997 r.
660 2943 759 3017 Car-p.

200 3102 203 3109 ·
248 3098 297 3152 35.
322 3091 350 3140 r'rr
366 3101 482 3164 utraque
496 3092 596 3147 Turia.
807 3092 998 3172 disseruerunt.
1026 3103 1079 3158 Sic
1097 3104 1188 3178 camp.

183 3166 364 3245 dffl'enserunt
379 3173 478 3228 Turio.
498 3174 576 3229 Flor.
591 3175 725 3248 differunt
741 3179 830 3234 Goth.
851 3186 917 3244 (tae.
937 3183 1043 3257 (iesu.)
1069 3188 1189 3242 dixerunt

183 3252 259 3313 J'ens.
282 3257 349 3324 (tae.
371 3255 472 3324 Gesn.)
495 3257 582 3314 Tarv.
606 3258 751 3334 differunt,
783 3264 916 3319 suadente
942 3268 1057 3342 Regio,
1079 3270 1190 3345 reliqui.

392 3343 494 3394 vivent.
539 3342 586 3396 Sic
606 3343 706 3400 Turio.
731 3347 809 3402 flor.
834 3349 934 3425 Camp.
954 3354 1058 3410 vivunt
1078 3354 1189 3430 reliqui·

393 3444 442 3477 nee
464 3426 630 3483 Carneades.
680 3416 728 3484 sic
749 3433 848 3486 Turia.
871 3433 948 3498 l'lor.
976 3436 1082 3514 camp.
1106 3436 1189 3495 Goth.

182 3502 251 3582 (tae.
272 3504 372 3579 Gesn.)
395 3528 429 3562 ne
451 3512 480 3565 C.
504 3511 605 3567 Ambr.
624 3526 651 3565 2.
677 3513 772 3569 Guelf.
794 3536 843 3570 uec
863 3518 931 3572 Am.
958 3521 1036 3576 Voss.
1058 3537 1088 3590 3.
1110 3539 1190 3595 nequ

184 3593 215 3648 C.
238 3592 356 3668 reliqui.
381 3595 531 3650 minoribus
553 3596 642 3652 verbis
666 3598 767 3673 Camp.
790 3603 816 3654 ei
835 3604 962 3658 natalitiae
985 3604 1070 3662 Ποῖ.
1093 3626 1125 3663 ex
1140 3607 1190 3660 iai·

183 3694 254 3749 quae
269 3678 468 3754 contemplatio
485 3680 584 3738 Turio.
600 3680 678 3737 Flor.
694 3696 791 3740 eontra
805 3683 848 3738 bis
860 3687 941 3761 prob.
957 3688 1065 3748 Turio.
1080 3711 1105 3750 e.
1116 3690 1188 3751 em

225 3918 276 3975 55·
293 3912 668 3991 Carneades-diciturdis·
710 3919 766 3974 fine
790 3937 903 3986 narrat,
930 3923 1064 3983 Laetam.
1092 3925 1189 3984 Diria·

179 3985 300 4065 Jeruiffir.
316 3995 351 4048 ef.
371 3998 407 4051 ad
422 4010 450 4061 Β,
471 4003 667 4068 15‚23.Cou·
710 4002 800 4061 Instit.
817 4017 847 4072 5,
864 4021 912 4077 15.
932 4025 961 4065 et
979 4010 1030 4067 ιθ.

182 4071 291 4133 [ulatur
312 4093 418 4144 aurem,
438 4083 499 4160 ,qui
528 4082 599 4139 baec
624 4085 670 4142 fu·
