<?xml version="1.0" encoding="UTF-8"?>
<!DOCTYPE html PUBLIC "-//W3C//DTD XHTML 1.0 Transitional//EN"
    "http://www.w3.org/TR/xhtml1/DTD/xhtml1-transitional.dtd">
<html xmlns="http://www.w3.org/1999/xhtml" xml:lang="en" lang="en">
 <head>
  <title>
</title>
<meta http-equiv="Content-Type" content="text/html;charset=utf-8" />
  <meta name='ocr-system' content='tesseract 3.04.00' />
  <meta name='ocr-capabilities' content='ocr_page ocr_carea ocr_par ocr_line ocrx_word'/>
</head>
<body>
  <div class='ocr_page' id='page_1' title='image "./deinstitutioneo04quingoog_0443.png"; bbox 0 0 2558 5236; ppageno 0'>
   <div class='ocr_carea' id='block_1_1' title="bbox 221 301 986 402">
    <p class='ocr_par' dir='ltr' id='par_1_1' title="bbox 221 301 986 402">
     <span class='ocr_line' id='line_1_1' title="bbox 221 301 986 402; baseline -0.012 -21"><span class='ocrx_word' id='word_1_1' title='bbox 221 325 296 402; x_wconf 72' lang='lat'>412</span> <span class='ocrx_word' id='word_1_2' title='bbox 462 305 519 375; x_wconf 80' lang='lat' dir='ltr'>at</span> <span class='ocrx_word' id='word_1_3' title='bbox 543 303 646 375; x_wconf 75' lang='lat' dir='ltr'>tan</span> <span class='ocrx_word' id='word_1_4' title='bbox 671 301 986 399; x_wconf 67' lang='lat' dir='ltr'>omnnium</span> 
     </span>
    </p>
   </div>
   <div class='ocr_carea' id='block_1_2' title="bbox 159 488 1238 1182">
    <p class='ocr_par' dir='ltr' id='par_1_2' title="bbox 159 488 1238 1182">
     <span class='ocr_line' id='line_1_2' title="bbox 222 488 1238 599; baseline -0.007 -27"><span class='ocrx_word' id='word_1_5' title='bbox 222 499 346 599; x_wconf 86' lang='lat' dir='ltr'>gitos,</span> <span class='ocrx_word' id='word_1_6' title='bbox 374 518 467 570; x_wconf 91' lang='lat' dir='ltr'>cum</span> <span class='ocrx_word' id='word_1_7' title='bbox 489 491 863 593; x_wconf 28' lang='lat' dir='ltr'>summi&#39;coierunt,</span> <span class='ocrx_word' id='word_1_8' title='bbox 894 489 945 564; x_wconf 89' lang='lat' dir='ltr'>ad</span> <span class='ocrx_word' id='word_1_9' title='bbox 965 515 1039 567; x_wconf 86' lang='lat' dir='ltr'>nos</span> <span class='ocrx_word' id='word_1_10' title='bbox 1068 488 1238 584; x_wconf 82' lang='lat' dir='ltr'>referre,</span> 
     </span>
     <span class='ocr_line' id='line_1_3' title="bbox 224 604 1237 710; baseline -0.005 -20"><span class='ocrx_word' id='word_1_11' title='bbox 224 604 823 710; x_wconf 65' lang='lat' dir='ltr'>curquibusdam&#39;displiouerit,</span> <span class='ocrx_word' id='word_1_12' title='bbox 851 604 993 681; x_wconf 89' lang='lat' dir='ltr'>nescio.</span> <span class='ocrx_word' id='word_1_13' title='bbox 1055 608 1168 680; x_wconf 89' lang='lat' dir='ltr'>Nam</span> <span class='ocrx_word' id='word_1_14' title='bbox 1190 608 1237 686; x_wconf 88' lang='lat' dir='ltr'>id</span> 
     </span>
     <span class='ocr_line' id='line_1_4' title="bbox 223 719 1236 808; baseline -0.007 -2"><span class='ocrx_word' id='word_1_15' title='bbox 223 746 263 806; x_wconf 92' lang='lat' dir='ltr'>et</span> <span class='ocrx_word' id='word_1_16' title='bbox 286 726 428 803; x_wconf 89' lang='lat' dir='ltr'>leviter</span> <span class='ocrx_word' id='word_1_17' title='bbox 464 721 722 808; x_wconf 75' lang='lat' dir='ltr'><strong>admirantes,</strong></span> <span class='ocrx_word' id='word_1_18' title='bbox 765 737 805 795; x_wconf 89' lang='lat' dir='ltr'>et</span> <span class='ocrx_word' id='word_1_19' title='bbox 825 722 985 795; x_wconf 85' lang='lat' dir='ltr'><strong>interim</strong></span> <span class='ocrx_word' id='word_1_20' title='bbox 1014 719 1147 797; x_wconf 87' lang='lat' dir='ltr'>subita</span> <span class='ocrx_word' id='word_1_21' title='bbox 1173 727 1236 799; x_wconf 89' lang='lat' dir='ltr'>in·</span> 
     </span>
     <span class='ocr_line' id='line_1_5' title="bbox 159 834 1232 945; baseline -0.007 -24"><span class='ocrx_word' id='word_1_22' title='bbox 159 835 170 841; x_wconf 49' lang='grc'><strong>’</strong></span> <span class='ocrx_word' id='word_1_23' title='bbox 224 843 466 945; x_wconf 80' lang='lat' dir='ltr'>dignatione,</span> <span class='ocrx_word' id='word_1_24' title='bbox 488 837 603 913; x_wconf 77' lang='lat' dir='ltr'>velut</span> <span class='ocrx_word' id='word_1_25' title='bbox 616 834 877 935; x_wconf 83' lang='lat' dir='ltr'>pavescentes,</span> <span class='ocrx_word' id='word_1_26' title='bbox 904 853 943 910; x_wconf 88' lang='lat' dir='ltr'>et</span> <span class='ocrx_word' id='word_1_27' title='bbox 959 835 1232 936; x_wconf 81' lang='lat' dir='ltr'>deprecantes,</span> 
     </span>
     <span class='ocr_line' id='line_1_6' title="bbox 163 948 1234 1059; baseline -0.003 -25"><span class='ocrx_word' id='word_1_28' title='bbox 163 960 402 1038; x_wconf 66' lang='lat' dir='ltr'>noluemus.</span> <span class='ocrx_word' id='word_1_29' title='bbox 463 953 571 1059; x_wconf 88' lang='lat' dir='ltr'>Quin</span> <span class='ocrx_word' id='word_1_30' title='bbox 596 948 849 1054; x_wconf 68' lang='lat' dir='ltr'>compressam</span> <span class='ocrx_word' id='word_1_31' title='bbox 864 952 981 1025; x_wconf 85' lang='lat' dir='ltr'>etiam</span> <span class='ocrx_word' id='word_1_32' title='bbox 998 977 1173 1029; x_wconf 86' lang='lat' dir='ltr'>manum</span> <span class='ocrx_word' id='word_1_33' title='bbox 1191 957 1234 1032; x_wconf 87' lang='lat' dir='ltr'>in</span> 
     </span>
     <span class='ocr_line' id='line_1_7' title="bbox 222 1065 1233 1182; baseline -0.006 -31"><span class='ocrx_word' id='word_1_34' title='bbox 222 1070 468 1182; x_wconf 85' lang='lat' dir='ltr'>poenitentia</span> <span class='ocrx_word' id='word_1_35' title='bbox 488 1069 556 1165; x_wconf 70' lang='lat' dir='ltr'>vel</span> <span class='ocrx_word' id='word_1_36' title='bbox 582 1069 642 1141; x_wconf 86' lang='lat' dir='ltr'>ira</span> <span class='ocrx_word' id='word_1_37' title='bbox 670 1070 823 1168; x_wconf 88' lang='lat' dir='ltr'>pectori</span> <span class='ocrx_word' id='word_1_38' title='bbox 845 1065 1131 1159; x_wconf 85' lang='lat' dir='ltr'>admovemus,</span> <span class='ocrx_word' id='word_1_39' title='bbox 1162 1070 1233 1147; x_wconf 92' lang='lat' dir='ltr'>ubi</span> 
     </span>
    </p>
   </div>
   <div class='ocr_carea' id='block_1_3' title="bbox 84 1281 1237 2304">
    <p class='ocr_par' dir='ltr' id='par_1_3' title="bbox 218 1281 1237 2046">
     <span class='ocr_line' id='line_1_8' title="bbox 224 1281 1234 1369; baseline -0.003 -23"><span class='ocrx_word' id='word_1_40' title='bbox 224 1298 325 1369; x_wconf 65' lang='lat' dir='ltr'>camp.</span> <span class='ocrx_word' id='word_1_41' title='bbox 343 1289 436 1364; x_wconf 80' lang='lat' dir='ltr'>digiti.</span> <span class='ocrx_word' id='word_1_42' title='bbox 457 1285 536 1342; x_wconf 82' lang='lat' dir='ltr'>idem</span> <span class='ocrx_word' id='word_1_43' title='bbox 551 1281 613 1360; x_wconf 81' lang='lat' dir='ltr'>post</span> <span class='ocrx_word' id='word_1_44' title='bbox 626 1287 707 1343; x_wconf 82' lang='lat' dir='ltr'>coier.</span> <span class='ocrx_word' id='word_1_45' title='bbox 721 1286 821 1341; x_wconf 83' lang='lat' dir='ltr'>inserit</span> <span class='ocrx_word' id='word_1_46' title='bbox 835 1298 872 1342; x_wconf 81' lang='lat' dir='ltr'>et.</span> <span class='ocrx_word' id='word_1_47' title='bbox 1037 1284 1077 1338; x_wconf 81' lang='lat' dir='ltr'>ad</span> <span class='ocrx_word' id='word_1_48' title='bbox 1093 1305 1159 1341; x_wconf 79' lang='lat' dir='ltr'>not.</span> <span class='ocrx_word' id='word_1_49' title='bbox 1174 1287 1234 1343; x_wconf 85' lang='lat' dir='ltr'>&#39;l&#39;u-</span> 
     </span>
     <span class='ocr_line' id='line_1_9' title="bbox 221 1367 1233 1443; baseline -0.012 -5"><span class='ocrx_word' id='word_1_50' title='bbox 221 1383 277 1438; x_wconf 77' lang='lat' dir='ltr'>ric.</span> <span class='ocrx_word' id='word_1_51' title='bbox 296 1377 375 1433; x_wconf 80' lang='lat' dir='ltr'>flor.</span> <span class='ocrx_word' id='word_1_52' title='bbox 399 1371 436 1426; x_wconf 79' lang='lat' dir='ltr'>ad</span> <span class='ocrx_word' id='word_1_53' title='bbox 455 1391 501 1426; x_wconf 83' lang='lat' dir='ltr'>eos</span> <span class='ocrx_word' id='word_1_54' title='bbox 521 1387 590 1424; x_wconf 86' lang='lat' dir='ltr'>cum</span> <span class='ocrx_word' id='word_1_55' title='bbox 610 1369 686 1424; x_wconf 83' lang='lat' dir='ltr'>Alm.</span> <span class='ocrx_word' id='word_1_56' title='bbox 709 1368 828 1443; x_wconf 82' lang='lat' dir='ltr'>Reliqui</span> <span class='ocrx_word' id='word_1_57' title='bbox 848 1369 887 1424; x_wconf 81' lang='lat' dir='ltr'>ad</span> <span class='ocrx_word' id='word_1_58' title='bbox 902 1387 942 1424; x_wconf 86' lang='lat' dir='ltr'>os.</span> <span class='ocrx_word' id='word_1_59' title='bbox 970 1367 1112 1422; x_wconf 82' lang='lat' dir='ltr'>Nostrum</span> <span class='ocrx_word' id='word_1_60' title='bbox 1132 1392 1149 1424; x_wconf 84' lang='lat' dir='ltr'>e</span> <span class='ocrx_word' id='word_1_61' title='bbox 1167 1391 1233 1426; x_wconf 87' lang='lat' dir='ltr'>cou-</span> 
     </span>
     <span class='ocr_line' id='line_1_10' title="bbox 220 1453 1233 1551; baseline -0.01 -29"><span class='ocrx_word' id='word_1_62' title='bbox 220 1465 333 1551; x_wconf 77' lang='lat' dir='ltr'>J&#39;ectqra</span> <span class='ocrx_word' id='word_1_63' title='bbox 355 1458 406 1528; x_wconf 85' lang='lat' dir='ltr'><strong>(cf.</strong></span> <span class='ocrx_word' id='word_1_64' title='bbox 423 1454 471 1528; x_wconf 81' lang='lat'>96.</span> <span class='ocrx_word' id='word_1_65' title='bbox 488 1468 538 1527; x_wconf 85' lang='lat'>97.</span> <span class='ocrx_word' id='word_1_66' title='bbox 559 1468 588 1507; x_wconf 89' lang='lat' dir='ltr'>et</span> <span class='ocrx_word' id='word_1_67' title='bbox 599 1471 671 1510; x_wconf 84' lang='lat' dir='ltr'>mox</span> <span class='ocrx_word' id='word_1_68' title='bbox 691 1460 781 1520; x_wconf 86' lang='lat'><strong>¹05·)·</strong></span> <span class='ocrx_word' id='word_1_69' title='bbox 799 1453 894 1508; x_wconf 83' lang='lat' dir='ltr'>Guell.</span> <span class='ocrx_word' id='word_1_70' title='bbox 910 1454 1007 1527; x_wconf 77' lang='lat' dir='ltr'>quibus</span> <span class='ocrx_word' id='word_1_71' title='bbox 1024 1454 1233 1526; x_wconf 78' lang='lat' dir='ltr'>displicuerint.</span> 
     </span>
     <span class='ocr_line' id='line_1_11' title="bbox 221 1534 1234 1631; baseline -0.004 -33"><span class='ocrx_word' id='word_1_72' title='bbox 221 1534 324 1631; x_wconf 69' lang='lat' dir='ltr'>camp.</span> <span class='ocrx_word' id='word_1_73' title='bbox 347 1538 508 1618; x_wconf 74' lang='lat' dir='ltr'>quibasdam</span> <span class='ocrx_word' id='word_1_74' title='bbox 528 1535 737 1614; x_wconf 55' lang='lat' dir='ltr'>displituenmt.¹</span> <span class='ocrx_word' id='word_1_75' title='bbox 755 1537 829 1594; x_wconf 68' lang='lat' dir='ltr'>Jens⁴</span> <span class='ocrx_word' id='word_1_76' title='bbox 845 1538 931 1592; x_wconf 82' lang='lat' dir='ltr'>Tarv.</span> <span class='ocrx_word' id='word_1_77' title='bbox 947 1538 1116 1612; x_wconf 78' lang='lat' dir='ltr'>quibusdam</span> <span class='ocrx_word' id='word_1_78' title='bbox 1135 1541 1234 1614; x_wconf 75' lang='lat' dir='ltr'>displi-</span> 
     </span>
     <span class='ocr_line' id='line_1_12' title="bbox 221 1616 1237 1696; baseline -0.015 -7"><span class='ocrx_word' id='word_1_79' title='bbox 221 1635 315 1690; x_wconf 78' lang='lat' dir='ltr'>ciunt:</span> <span class='ocrx_word' id='word_1_80' title='bbox 336 1624 465 1683; x_wconf 83' lang='lat' dir='ltr'>correxit</span> <span class='ocrx_word' id='word_1_81' title='bbox 478 1621 599 1695; x_wconf 75' lang='lat' dir='ltr'>Regina.</span> <span class='ocrx_word' id='word_1_82' title='bbox 616 1623 645 1675; x_wconf 81' lang='lat' dir='ltr'>id</span> <span class='ocrx_word' id='word_1_83' title='bbox 658 1620 720 1696; x_wconf 84' lang='lat' dir='ltr'>post</span> <span class='ocrx_word' id='word_1_84' title='bbox 737 1622 813 1676; x_wconf 84' lang='lat' dir='ltr'>Nam</span> <span class='ocrx_word' id='word_1_85' title='bbox 827 1616 1043 1677; x_wconf 79' lang='lat' dir='ltr'>omittit&#39;Goth.</span> <span class='ocrx_word' id='word_1_86' title='bbox 1060 1641 1132 1676; x_wconf 84' lang='lat' dir='ltr'>eum</span> <span class='ocrx_word' id='word_1_87' title='bbox 1155 1623 1237 1681; x_wconf 77' lang='lat' dir='ltr'>Vols.</span> 
     </span>
     <span class='ocr_line' id='line_1_13' title="bbox 221 1698 1235 1788; baseline -0.018 -15"><span class='ocrx_word' id='word_1_88' title='bbox 221 1710 386 1788; x_wconf 79' lang='lat' dir='ltr'>transponit</span> <span class='ocrx_word' id='word_1_89' title='bbox 407 1708 508 1780; x_wconf 86' lang='lat' dir='ltr'>Camp.</span> <span class='ocrx_word' id='word_1_90' title='bbox 531 1722 599 1759; x_wconf 85' lang='lat' dir='ltr'>cum</span> <span class='ocrx_word' id='word_1_91' title='bbox 620 1705 704 1762; x_wconf 82' lang='lat' dir='ltr'>Batil.</span> <span class='ocrx_word' id='word_1_92' title='bbox 727 1705 838 1778; x_wconf 83' lang='lat' dir='ltr'>Gryph.</span> <span class='ocrx_word' id='word_1_93' title='bbox 857 1698 978 1782; x_wconf 73' lang='lat'>(1536.)</span> <span class='ocrx_word' id='word_1_94' title='bbox 1002 1705 1113 1762; x_wconf 81' lang='lat' dir='ltr'>Vidov.</span> <span class='ocrx_word' id='word_1_95' title='bbox 1133 1709 1235 1763; x_wconf 57' lang='grc' dir='ltr'>ἱρηίων</span> 
     </span>
     <span class='ocr_line' id='line_1_14' title="bbox 221 1789 1235 1857; baseline -0.017 0"><span class='ocrx_word' id='word_1_96' title='bbox 221 1798 324 1857; x_wconf 77' lang='lat' dir='ltr'>Turio.</span> <span class='ocrx_word' id='word_1_97' title='bbox 346 1791 425 1848; x_wconf 82' lang='lat' dir='ltr'>Flor.</span> <span class='ocrx_word' id='word_1_98' title='bbox 449 1789 550 1846; x_wconf 77' lang='lat' dir='ltr'>Ambr.</span> <span class='ocrx_word' id='word_1_99' title='bbox 568 1803 594 1843; x_wconf 83' lang='lat'>2.</span> <span class='ocrx_word' id='word_1_100' title='bbox 625 1810 692 1844; x_wconf 86' lang='lat' dir='ltr'>cum</span> <span class='ocrx_word' id='word_1_101' title='bbox 715 1790 902 1853; x_wconf 29' lang='lat' dir='ltr'>Goth.·Voll.</span> <span class='ocrx_word' id='word_1_102' title='bbox 920 1804 946 1842; x_wconf 78' lang='lat'>2.</span> <span class='ocrx_word' id='word_1_103' title='bbox 974 1791 1048 1850; x_wconf 83' lang='lat' dir='ltr'>Jens.</span> <span class='ocrx_word' id='word_1_104' title='bbox 1072 1810 1143 1844; x_wconf 86' lang='lat' dir='ltr'>cnm</span> <span class='ocrx_word' id='word_1_105' title='bbox 1169 1792 1235 1848; x_wconf 72' lang='lat' dir='ltr'>edd.</span> 
     </span>
     <span class='ocr_line' id='line_1_15' title="bbox 220 1872 1237 1961; baseline -0.006 -22"><span class='ocrx_word' id='word_1_106' title='bbox 220 1880 340 1961; x_wconf 77' lang='lat' dir='ltr'>postem.</span> <span class='ocrx_word' id='word_1_107' title='bbox 362 1892 426 1931; x_wconf 89' lang='lat' dir='ltr'>aute</span> <span class='ocrx_word' id='word_1_108' title='bbox 444 1874 510 1929; x_wconf 80' lang='lat' dir='ltr'>Ald.</span> <span class='ocrx_word' id='word_1_109' title='bbox 526 1890 581 1927; x_wconf 85' lang='lat' dir='ltr'>acc.</span> <span class='ocrx_word' id='word_1_110' title='bbox 596 1874 666 1928; x_wconf 87' lang='lat' dir='ltr'>Bad.</span> <span class='ocrx_word' id='word_1_111' title='bbox 682 1894 768 1948; x_wconf 86' lang='lat' dir='ltr'>quem</span> <span class='ocrx_word' id='word_1_112' title='bbox 784 1874 816 1929; x_wconf 88' lang='lat' dir='ltr'>in</span> <span class='ocrx_word' id='word_1_113' title='bbox 831 1891 899 1930; x_wconf 83' lang='lat' dir='ltr'>nota</span> <span class='ocrx_word' id='word_1_114' title='bbox 908 1872 981 1932; x_wconf 87' lang='lat' dir='ltr'>Vall.</span> <span class='ocrx_word' id='word_1_115' title='bbox 999 1874 1098 1928; x_wconf 87' lang='lat' dir='ltr'>leviter</span> <span class='ocrx_word' id='word_1_116' title='bbox 1113 1876 1237 1932; x_wconf 83' lang='lat' dir='ltr'>dantem</span> 
     </span>
     <span class='ocr_line' id='line_1_16' title="bbox 218 1958 1237 2046; baseline -0.006 -25"><span class='ocrx_word' id='word_1_117' title='bbox 218 1987 275 2046; x_wconf 80' lang='lat' dir='ltr'>per</span> <span class='ocrx_word' id='word_1_118' title='bbox 295 1961 423 2041; x_wconf 79' lang='lat' dir='ltr'>sphalma</span> <span class='ocrx_word' id='word_1_119' title='bbox 445 1960 541 2015; x_wconf 84' lang='lat' dir='ltr'>dicere</span> <span class='ocrx_word' id='word_1_120' title='bbox 571 1958 706 2031; x_wconf 65' lang='lat' dir='ltr'>anthinon.</span> <span class='ocrx_word' id='word_1_121' title='bbox 747 1960 951 2015; x_wconf 27' lang='lat' dir='ltr'>commovent*</span> <span class='ocrx_word' id='word_1_122' title='bbox 971 1978 1018 2011; x_wconf 88' lang='lat' dir='ltr'>ma</span> <span class='ocrx_word' id='word_1_123' title='bbox 1049 1978 1237 2035; x_wconf 73' lang='lat' dir='ltr'>magnopere</span> 
     </span>
    </p>

    <p class='ocr_par' dir='ltr' id='par_1_4' title="bbox 84 2032 1235 2304">
     <span class='ocr_line' id='line_1_17' title="bbox 84 2032 1235 2118; baseline -0.008 -9"><span class='ocrx_word' id='word_1_124' title='bbox 84 2032 94 2049; x_wconf 46' lang='lat'>⁸</span> <span class='ocrx_word' id='word_1_125' title='bbox 112 2092 117 2109; x_wconf 80' lang='grc'><strong>.</strong></span> <span class='ocrx_word' id='word_1_126' title='bbox 220 2048 423 2108; x_wconf 68' lang='lat' dir='ltr'>auctoritates,</span> <span class='ocrx_word' id='word_1_127' title='bbox 445 2044 554 2100; x_wconf 83' lang='lat' dir='ltr'>nedum</span> <span class='ocrx_word' id='word_1_128' title='bbox 569 2061 635 2098; x_wconf 87' lang='lat' dir='ltr'>cum</span> <span class='ocrx_word' id='word_1_129' title='bbox 652 2044 744 2118; x_wconf 84' lang='lat' dir='ltr'>Regio</span> <span class='ocrx_word' id='word_1_130' title='bbox 760 2065 797 2098; x_wconf 86' lang='lat' dir='ltr'>ne</span> <span class='ocrx_word' id='word_1_131' title='bbox 812 2042 1024 2098; x_wconf 80' lang='lat' dir='ltr'>admonendam</span> <span class='ocrx_word' id='word_1_132' title='bbox 1041 2043 1166 2116; x_wconf 87' lang='lat' dir='ltr'>quidem</span> <span class='ocrx_word' id='word_1_133' title='bbox 1184 2045 1235 2103; x_wconf 85' lang='lat' dir='ltr'>lit·</span> 
     </span>
     <span class='ocr_line' id='line_1_18' title="bbox 220 2128 1232 2206; baseline -0.013 -13"><span class='ocrx_word' id='word_1_134' title='bbox 220 2153 298 2194; x_wconf 82' lang='lat' dir='ltr'>ttrte</span> <span class='ocrx_word' id='word_1_135' title='bbox 315 2135 342 2191; x_wconf 88' lang='lat' dir='ltr'>V</span> <span class='ocrx_word' id='word_1_136' title='bbox 356 2128 568 2186; x_wconf 83' lang='lat' dir='ltr'>restitutionem</span> <span class='ocrx_word' id='word_1_137' title='bbox 588 2129 733 2190; x_wconf 71' lang='lat' dir='ltr'>censeam:</span> <span class='ocrx_word' id='word_1_138' title='bbox 764 2129 809 2183; x_wconf 86' lang='lat' dir='ltr'>sed</span> <span class='ocrx_word' id='word_1_139' title='bbox 828 2142 999 2206; x_wconf 77' lang='lat' dir='ltr'>praegravat</span> <span class='ocrx_word' id='word_1_140' title='bbox 1015 2128 1092 2182; x_wconf 80' lang='lat' dir='ltr'>ratio</span> <span class='ocrx_word' id='word_1_141' title='bbox 1116 2129 1162 2201; x_wconf 59' lang='lat' dir='ltr'>ss.</span> <span class='ocrx_word' id='word_1_142' title='bbox 1182 2140 1232 2204; x_wconf 78' lang='lat'>95.</span> 
     </span>
     <span class='ocr_line' id='line_1_19' title="bbox 218 2210 1084 2304; baseline -0.009 -28"><span class='ocrx_word' id='word_1_143' title='bbox 218 2219 270 2304; x_wconf 83' lang='lat'>96.</span> <span class='ocrx_word' id='word_1_144' title='bbox 296 2217 349 2274; x_wconf 88' lang='lat' dir='ltr'>ubi</span> <span class='ocrx_word' id='word_1_145' title='bbox 362 2216 460 2271; x_wconf 80' lang='lat' dir='ltr'>leviter</span> <span class='ocrx_word' id='word_1_146' title='bbox 471 2210 557 2289; x_wconf 83' lang='lat' dir='ltr'>plane</span> <span class='ocrx_word' id='word_1_147' title='bbox 573 2211 612 2266; x_wconf 81' lang='lat' dir='ltr'>est</span> <span class='ocrx_word' id='word_1_148' title='bbox 625 2232 679 2287; x_wconf 88' lang='lat' dir='ltr'>pro</span> <span class='ocrx_word' id='word_1_149' title='bbox 696 2213 849 2286; x_wconf 80' lang='lat' dir='ltr'>paululum.</span> <span class='ocrx_word' id='word_1_150' title='bbox 866 2211 902 2268; x_wconf 84' lang='lat' dir='ltr'>cs.</span> <span class='ocrx_word' id='word_1_151' title='bbox 921 2230 969 2274; x_wconf 77' lang='lat' dir='ltr'>to.</span> <span class='ocrx_word' id='word_1_152' title='bbox 986 2223 1015 2279; x_wconf 78' lang='lat'>5,</span> <span class='ocrx_word' id='word_1_153' title='bbox 1033 2227 1084 2268; x_wconf 79' lang='lat' dir='ltr'>tta.</span> 
     </span>
    </p>
   </div>
   <div class='ocr_carea' id='block_1_4' title="bbox 218 2306 1233 2831">
    <p class='ocr_par' dir='ltr' id='par_1_5' title="bbox 218 2306 1233 2831">
     <span class='ocr_line' id='line_1_20' title="bbox 247 2306 1233 2411; baseline -0.003 -19"><span class='ocrx_word' id='word_1_154' title='bbox 247 2306 252 2344; x_wconf 48' lang='grc' dir='ltr'>ι</span> <span class='ocrx_word' id='word_1_155' title='bbox 289 2343 356 2402; x_wconf 73' lang='lat' dir='ltr'>aod.</span> <span class='ocrx_word' id='word_1_156' title='bbox 380 2336 462 2411; x_wconf 76' lang='lat' dir='ltr'>Quin.</span> <span class='ocrx_word' id='word_1_157' title='bbox 485 2330 584 2389; x_wconf 84' lang='lat' dir='ltr'>Guall.</span> <span class='ocrx_word' id='word_1_158' title='bbox 605 2331 662 2409; x_wconf 70' lang='lat' dir='ltr'>Qui</span> <span class='ocrx_word' id='word_1_159' title='bbox 678 2351 745 2386; x_wconf 85' lang='lat' dir='ltr'>eum</span> <span class='ocrx_word' id='word_1_160' title='bbox 772 2332 848 2386; x_wconf 87' lang='lat' dir='ltr'>Voss.</span> <span class='ocrx_word' id='word_1_161' title='bbox 873 2350 900 2385; x_wconf 85' lang='lat'>1.</span> <span class='ocrx_word' id='word_1_162' title='bbox 1084 2334 1115 2385; x_wconf 84' lang='lat' dir='ltr'>in</span> <span class='ocrx_word' id='word_1_163' title='bbox 1133 2338 1233 2404; x_wconf 78' lang='lat' dir='ltr'>poeni·</span> 
     </span>
     <span class='ocr_line' id='line_1_21' title="bbox 220 2414 1232 2481; baseline -0.002 -3"><span class='ocrx_word' id='word_1_164' title='bbox 220 2426 309 2481; x_wconf 84' lang='lat' dir='ltr'>tentia</span> <span class='ocrx_word' id='word_1_165' title='bbox 323 2419 369 2475; x_wconf 83' lang='lat' dir='ltr'>vel</span> <span class='ocrx_word' id='word_1_166' title='bbox 385 2423 437 2474; x_wconf 78' lang='lat' dir='ltr'>ira.</span> <span class='ocrx_word' id='word_1_167' title='bbox 474 2418 521 2473; x_wconf 88' lang='lat' dir='ltr'>Sic</span> <span class='ocrx_word' id='word_1_168' title='bbox 537 2416 637 2471; x_wconf 83' lang='lat' dir='ltr'>Turio.</span> <span class='ocrx_word' id='word_1_169' title='bbox 654 2415 845 2471; x_wconf 68' lang='lat' dir='ltr'>slonilmbr.</span> <span class='ocrx_word' id='word_1_170' title='bbox 866 2429 893 2469; x_wconf 68' lang='grc' dir='ltr'>α.</span> <span class='ocrx_word' id='word_1_171' title='bbox 920 2414 1017 2470; x_wconf 84' lang='lat' dir='ltr'>Guels.</span> <span class='ocrx_word' id='word_1_172' title='bbox 1039 2435 1109 2470; x_wconf 86' lang='lat' dir='ltr'>cum</span> <span class='ocrx_word' id='word_1_173' title='bbox 1137 2422 1232 2475; x_wconf 80' lang='lat' dir='ltr'>Stoer·</span> 
     </span>
     <span class='ocr_line' id='line_1_22' title="bbox 219 2496 1231 2579; baseline -0.002 -19"><span class='ocrx_word' id='word_1_174' title='bbox 219 2510 345 2564; x_wconf 82' lang='lat' dir='ltr'>Chouot.</span> <span class='ocrx_word' id='word_1_175' title='bbox 354 2503 436 2557; x_wconf 85' lang='lat' dir='ltr'>Leid.</span> <span class='ocrx_word' id='word_1_176' title='bbox 445 2499 564 2571; x_wconf 84' lang='lat' dir='ltr'>Reliqui</span> <span class='ocrx_word' id='word_1_177' title='bbox 575 2501 602 2550; x_wconf 81' lang='lat' dir='ltr'>in</span> <span class='ocrx_word' id='word_1_178' title='bbox 607 2496 719 2572; x_wconf 79' lang='lat' dir='ltr'>fignum</span> <span class='ocrx_word' id='word_1_179' title='bbox 729 2505 740 2564; x_wconf 89' lang='lat'>(</span> <span class='ocrx_word' id='word_1_180' title='bbox 743 2501 796 2554; x_wconf 82' lang='lat' dir='ltr'>nist</span> <span class='ocrx_word' id='word_1_181' title='bbox 808 2501 888 2575; x_wconf 86' lang='lat' dir='ltr'>quod</span> <span class='ocrx_word' id='word_1_182' title='bbox 896 2500 965 2554; x_wconf 86' lang='lat' dir='ltr'>Bad.</span> <span class='ocrx_word' id='word_1_183' title='bbox 974 2500 1155 2564; x_wconf 83' lang='lat' dir='ltr'>inconsult0‚</span> <span class='ocrx_word' id='word_1_184' title='bbox 1167 2504 1231 2579; x_wconf 87' lang='lat' dir='ltr'>opi·</span> 
     </span>
     <span class='ocr_line' id='line_1_23' title="bbox 218 2584 1229 2663; baseline -0.004 -16"><span class='ocrx_word' id='word_1_185' title='bbox 218 2587 398 2663; x_wconf 69' lang='lat' dir='ltr'>nonfinum)</span> <span class='ocrx_word' id='word_1_186' title='bbox 413 2584 602 2658; x_wconf 82' lang='lat' dir='ltr'>poenitentiae</span> <span class='ocrx_word' id='word_1_187' title='bbox 617 2585 662 2636; x_wconf 82' lang='lat' dir='ltr'>vel</span> <span class='ocrx_word' id='word_1_188' title='bbox 679 2587 751 2644; x_wconf 69' lang='lat' dir='ltr'>irae:</span> <span class='ocrx_word' id='word_1_189' title='bbox 773 2584 852 2656; x_wconf 88' lang='lat' dir='ltr'>quod</span> <span class='ocrx_word' id='word_1_190' title='bbox 868 2586 1166 2642; x_wconf 85' lang='lat' dir='ltr'>revocantiGibsouo</span> <span class='ocrx_word' id='word_1_191' title='bbox 1176 2589 1229 2663; x_wconf 68' lang='lat' dir='ltr'>ipo</span> 
     </span>
     <span class='ocr_line' id='line_1_24' title="bbox 218 2665 1230 2743; baseline -0.006 -13"><span class='ocrx_word' id='word_1_192' title='bbox 218 2672 351 2730; x_wconf 86' lang='lat' dir='ltr'>suboluit</span> <span class='ocrx_word' id='word_1_193' title='bbox 377 2668 490 2743; x_wconf 79' lang='lat' dir='ltr'>aliquid</span> <span class='ocrx_word' id='word_1_194' title='bbox 520 2666 555 2721; x_wconf 86' lang='lat' dir='ltr'>de</span> <span class='ocrx_word' id='word_1_195' title='bbox 578 2665 745 2739; x_wconf 81' lang='lat' dir='ltr'>glossemate</span> <span class='ocrx_word' id='word_1_196' title='bbox 774 2667 886 2723; x_wconf 79' lang='lat' dir='ltr'>fortasse</span> <span class='ocrx_word' id='word_1_197' title='bbox 916 2669 966 2722; x_wconf 86' lang='lat' dir='ltr'>hie</span> <span class='ocrx_word' id='word_1_198' title='bbox 988 2669 1141 2738; x_wconf 57' lang='lat' dir='ltr'>versantu</span> <span class='ocrx_word' id='word_1_199' title='bbox 1186 2672 1230 2728; x_wconf 81' lang='lat' dir='ltr'>sed</span> 
     </span>
     <span class='ocr_line' id='line_1_25' title="bbox 218 2750 1230 2831; baseline -0.004 -16"><span class='ocrx_word' id='word_1_200' title='bbox 218 2761 320 2815; x_wconf 86' lang='lat' dir='ltr'>Ioann.</span> <span class='ocrx_word' id='word_1_201' title='bbox 349 2773 437 2831; x_wconf 85' lang='lat' dir='ltr'>quem</span> <span class='ocrx_word' id='word_1_202' title='bbox 467 2751 562 2807; x_wconf 78' lang='lat' dir='ltr'>testem</span> <span class='ocrx_word' id='word_1_203' title='bbox 584 2750 665 2806; x_wconf 83' lang='lat' dir='ltr'>addit</span> <span class='ocrx_word' id='word_1_204' title='bbox 689 2768 717 2807; x_wconf 88' lang='lat' dir='ltr'>et</span> <span class='ocrx_word' id='word_1_205' title='bbox 743 2751 857 2828; x_wconf 82' lang='lat' dir='ltr'>aliquot</span> <span class='ocrx_word' id='word_1_206' title='bbox 880 2752 944 2808; x_wconf 83' lang='lat' dir='ltr'>edd.</span> <span class='ocrx_word' id='word_1_207' title='bbox 972 2755 1131 2811; x_wconf 71' lang='lat' dir='ltr'>auctoritas</span> <span class='ocrx_word' id='word_1_208' title='bbox 1156 2757 1230 2814; x_wconf 82' lang='lat' dir='ltr'>vicit</span> 
     </span>
    </p>
   </div>
   <div class='ocr_carea' id='block_1_5' title="bbox 23 2936 1273 4196">
    <p class='ocr_par' dir='ltr' id='par_1_6' title="bbox 23 2936 1273 4196">
     <span class='ocr_line' id='line_1_26' title="bbox 216 2936 1228 3017; baseline -0.005 -14"><span class='ocrx_word' id='word_1_209' title='bbox 216 2945 304 3004; x_wconf 79' lang='lat' dir='ltr'>nobie</span> <span class='ocrx_word' id='word_1_210' title='bbox 325 2941 430 3017; x_wconf 81' lang='lat' dir='ltr'>primia</span> <span class='ocrx_word' id='word_1_211' title='bbox 444 2939 562 2994; x_wconf 85' lang='lat' dir='ltr'>inducta</span> <span class='ocrx_word' id='word_1_212' title='bbox 579 2939 631 3000; x_wconf 71' lang='lat' dir='ltr'>et,</span> <span class='ocrx_word' id='word_1_213' title='bbox 653 2958 698 2993; x_wconf 84' lang='lat' dir='ltr'>re·</span> <span class='ocrx_word' id='word_1_214' title='bbox 740 2939 865 2995; x_wconf 81' lang='lat' dir='ltr'>Francio</span> <span class='ocrx_word' id='word_1_215' title='bbox 883 2937 954 3016; x_wconf 80' lang='lat' dir='ltr'>solis</span> <span class='ocrx_word' id='word_1_216' title='bbox 969 2936 1142 3014; x_wconf 76' lang='lat' dir='ltr'>prosthesis</span> <span class='ocrx_word' id='word_1_217' title='bbox 1157 2962 1228 3017; x_wconf 86' lang='lat' dir='ltr'>pro·</span> 
     </span>
     <span class='ocr_line' id='line_1_27' title="bbox 216 3023 1229 3100; baseline -0.003 -17"><span class='ocrx_word' id='word_1_218' title='bbox 216 3029 295 3100; x_wconf 88' lang='lat' dir='ltr'>liqui</span> <span class='ocrx_word' id='word_1_219' title='bbox 319 3041 382 3078; x_wconf 84' lang='lat' dir='ltr'>aute</span> <span class='ocrx_word' id='word_1_220' title='bbox 411 3023 527 3078; x_wconf 82' lang='lat' dir='ltr'>tremula</span> <span class='ocrx_word' id='word_1_221' title='bbox 547 3024 697 3097; x_wconf 83' lang='lat' dir='ltr'>interpun-</span> <span class='ocrx_word' id='word_1_222' title='bbox 740 3023 817 3079; x_wconf 85' lang='lat' dir='ltr'>lecto</span> <span class='ocrx_word' id='word_1_223' title='bbox 830 3045 888 3080; x_wconf 91' lang='lat' dir='ltr'>non</span> <span class='ocrx_word' id='word_1_224' title='bbox 903 3025 1124 3098; x_wconf 81' lang='lat' dir='ltr'>indigebamua;</span> <span class='ocrx_word' id='word_1_225' title='bbox 1143 3027 1229 3100; x_wconf 87' lang='lat' dir='ltr'>quod</span> 
     </span>
     <span class='ocr_line' id='line_1_28' title="bbox 217 3103 1228 3188; baseline 0 -23"><span class='ocrx_word' id='word_1_226' title='bbox 217 3126 308 3188; x_wconf 73' lang='lat' dir='ltr'>gunt,</span> <span class='ocrx_word' id='word_1_227' title='bbox 330 3127 449 3182; x_wconf 83' lang='lat' dir='ltr'>eamque</span> <span class='ocrx_word' id='word_1_228' title='bbox 473 3107 508 3160; x_wconf 86' lang='lat' dir='ltr'>ad</span> <span class='ocrx_word' id='word_1_229' title='bbox 525 3104 635 3181; x_wconf 81' lang='lat' dir='ltr'>scenica</span> <span class='ocrx_word' id='word_1_230' title='bbox 661 3103 699 3179; x_wconf 84' lang='lat' dir='ltr'>est</span> <span class='ocrx_word' id='word_1_231' title='bbox 741 3108 763 3161; x_wconf 84' lang='lat' dir='ltr'>[i</span> <span class='ocrx_word' id='word_1_232' title='bbox 787 3109 909 3162; x_wconf 79' lang='lat' dir='ltr'>vieilltm</span> <span class='ocrx_word' id='word_1_233' title='bbox 934 3109 1035 3169; x_wconf 85' lang='lat' dir='ltr'>lieret,</span> <span class='ocrx_word' id='word_1_234' title='bbox 1070 3111 1228 3182; x_wconf 85' lang='lat' dir='ltr'>ingenium</span> 
     </span>
     <span class='ocr_line' id='line_1_29' title="bbox 213 3191 1227 3267; baseline -0.001 -16"><span class='ocrx_word' id='word_1_235' title='bbox 213 3197 360 3267; x_wconf 79' lang='lat' dir='ltr'>integram</span> <span class='ocrx_word' id='word_1_236' title='bbox 392 3191 697 3253; x_wconf 80' lang='lat' dir='ltr'>iaciuntsententiam,</span> <span class='ocrx_word' id='word_1_237' title='bbox 742 3209 810 3248; x_wconf 82' lang='lat' dir='ltr'>erat.</span> <span class='ocrx_word' id='word_1_238' title='bbox 870 3192 948 3246; x_wconf 83' lang='lat' dir='ltr'>tltud</span> <span class='ocrx_word' id='word_1_239' title='bbox 978 3195 1115 3265; x_wconf 85' lang='lat' dir='ltr'>equidem</span> <span class='ocrx_word' id='word_1_240' title='bbox 1146 3210 1227 3250; x_wconf 83' lang='lat' dir='ltr'>certo</span> 
     </span>
     <span class='ocr_line' id='line_1_30' title="bbox 215 3274 1227 3355; baseline -0.001 -22"><span class='ocrx_word' id='word_1_241' title='bbox 215 3277 371 3355; x_wconf 82' lang='lat' dir='ltr'>praecisam</span> <span class='ocrx_word' id='word_1_242' title='bbox 393 3274 492 3335; x_wconf 86' lang='lat' dir='ltr'>illam,</span> <span class='ocrx_word' id='word_1_243' title='bbox 514 3293 566 3328; x_wconf 86' lang='lat' dir='ltr'>nec</span> <span class='ocrx_word' id='word_1_244' title='bbox 582 3275 699 3346; x_wconf 78' lang='lat' dir='ltr'>Quinti·</span> <span class='ocrx_word' id='word_1_245' title='bbox 740 3296 801 3332; x_wconf 87' lang='lat' dir='ltr'>nou</span> <span class='ocrx_word' id='word_1_246' title='bbox 824 3278 934 3340; x_wconf 84' lang='lat' dir='ltr'>dicam,</span> <span class='ocrx_word' id='word_1_247' title='bbox 964 3275 1101 3350; x_wconf 76' lang='lat' dir='ltr'>aschalis</span> <span class='ocrx_word' id='word_1_248' title='bbox 1115 3293 1227 3353; x_wconf 82' lang='lat' dir='ltr'>recepta</span> 
     </span>
     <span class='ocr_line' id='line_1_31' title="bbox 215 3358 1226 3435; baseline 0.002 -18"><span class='ocrx_word' id='word_1_249' title='bbox 215 3359 469 3421; x_wconf 80' lang='lat' dir='ltr'>liantaelanitatia.</span> <span class='ocrx_word' id='word_1_250' title='bbox 490 3358 604 3432; x_wconf 84' lang='lat' dir='ltr'>Nempe</span> <span class='ocrx_word' id='word_1_251' title='bbox 613 3379 698 3433; x_wconf 87' lang='lat' dir='ltr'>quae·</span> <span class='ocrx_word' id='word_1_252' title='bbox 740 3377 839 3416; x_wconf 87' lang='lat' dir='ltr'>utrum</span> <span class='ocrx_word' id='word_1_253' title='bbox 857 3362 911 3416; x_wconf 86' lang='lat' dir='ltr'>smt</span> <span class='ocrx_word' id='word_1_254' title='bbox 927 3359 1039 3416; x_wconf 79' lang='lat' dir='ltr'>scholae</span> <span class='ocrx_word' id='word_1_255' title='bbox 1057 3381 1133 3435; x_wconf 86' lang='lat' dir='ltr'>quae</span> <span class='ocrx_word' id='word_1_256' title='bbox 1148 3382 1226 3419; x_wconf 80' lang='lat' dir='ltr'>rete·</span> 
     </span>
     <span class='ocr_line' id='line_1_32' title="bbox 23 3442 1226 3519; baseline -0.003 -15"><span class='ocrx_word' id='word_1_257' title='bbox 23 3448 25 3455; x_wconf 83' lang='lat'>&#39;</span> <span class='ocrx_word' id='word_1_258' title='bbox 131 3443 138 3463; x_wconf 81' lang='lat'><em>&#39;</em></span> <span class='ocrx_word' id='word_1_259' title='bbox 213 3453 345 3508; x_wconf 80' lang='lat' dir='ltr'>[iverunt</span> <span class='ocrx_word' id='word_1_260' title='bbox 369 3442 491 3517; x_wconf 86' lang='lat' dir='ltr'>aliquod</span> <span class='ocrx_word' id='word_1_261' title='bbox 513 3442 697 3506; x_wconf 83' lang='lat' dir='ltr'>attributum.</span> <span class='ocrx_word' id='word_1_262' title='bbox 739 3447 851 3519; x_wconf 79' lang='lat' dir='ltr'>perint,</span> <span class='ocrx_word' id='word_1_263' title='bbox 882 3467 916 3499; x_wconf 85' lang='lat' dir='ltr'>an</span> <span class='ocrx_word' id='word_1_264' title='bbox 944 3447 1071 3499; x_wconf 79' lang='lat' dir='ltr'>Romani</span> <span class='ocrx_word' id='word_1_265' title='bbox 1092 3444 1226 3503; x_wconf 67' lang='lat' dir='ltr'>rhetores</span> 
     </span>
     <span class='ocr_line' id='line_1_33' title="bbox 150 3528 1225 3612; baseline 0 -26"><span class='ocrx_word' id='word_1_266' title='bbox 150 3583 152 3586; x_wconf 86' lang='grc'><em>,</em></span> <span class='ocrx_word' id='word_1_267' title='bbox 215 3531 298 3612; x_wconf 88' lang='lat' dir='ltr'>quod</span> <span class='ocrx_word' id='word_1_268' title='bbox 313 3529 467 3585; x_wconf 83' lang='lat' dir='ltr'>adderetur</span> <span class='ocrx_word' id='word_1_269' title='bbox 484 3530 577 3582; x_wconf 68' lang='lat' dir='ltr'>matini</span> <span class='ocrx_word' id='word_1_270' title='bbox 594 3529 637 3581; x_wconf 84' lang='lat' dir='ltr'>illi</span> <span class='ocrx_word' id='word_1_271' title='bbox 652 3549 697 3583; x_wconf 80' lang='lat' dir='ltr'>ea·</span> <span class='ocrx_word' id='word_1_272' title='bbox 740 3531 794 3604; x_wconf 87' lang='lat' dir='ltr'>qui</span> <span class='ocrx_word' id='word_1_273' title='bbox 818 3550 833 3584; x_wconf 79' lang='lat' dir='ltr'>a</span> <span class='ocrx_word' id='word_1_274' title='bbox 855 3528 970 3585; x_wconf 84' lang='lat' dir='ltr'>scholia.</span> <span class='ocrx_word' id='word_1_275' title='bbox 1018 3531 1106 3588; x_wconf 81' lang='lat' dir='ltr'>Priua</span> <span class='ocrx_word' id='word_1_276' title='bbox 1130 3549 1225 3587; x_wconf 78' lang='lat' dir='ltr'>tamen</span> 
     </span>
     <span class='ocr_line' id='line_1_34' title="bbox 214 3613 1225 3690; baseline -0.007 -15"><span class='ocrx_word' id='word_1_277' title='bbox 214 3635 401 3679; x_wconf 82' lang='lat' dir='ltr'>vae-rarae</span> <span class='ocrx_word' id='word_1_278' title='bbox 415 3613 697 3667; x_wconf 74' lang='lat' dir='ltr'>-etatae-torta·</span> <span class='ocrx_word' id='word_1_279' title='bbox 739 3614 839 3668; x_wconf 78' lang='lat' dir='ltr'>verius</span> <span class='ocrx_word' id='word_1_280' title='bbox 856 3630 939 3689; x_wconf 89' lang='lat' dir='ltr'>puto,</span> <span class='ocrx_word' id='word_1_281' title='bbox 964 3629 993 3668; x_wconf 89' lang='lat' dir='ltr'>et</span> <span class='ocrx_word' id='word_1_282' title='bbox 1008 3629 1123 3690; x_wconf 81' lang='lat' dir='ltr'>accepta</span> <span class='ocrx_word' id='word_1_283' title='bbox 1139 3618 1172 3672; x_wconf 86' lang='lat' dir='ltr'>in</span> <span class='ocrx_word' id='word_1_284' title='bbox 1189 3614 1225 3670; x_wconf 83' lang='lat' dir='ltr'>al·</span> 
     </span>
     <span class='ocr_line' id='line_1_35' title="bbox 213 3696 1224 3771; baseline -0.007 -8"><span class='ocrx_word' id='word_1_285' title='bbox 213 3708 285 3764; x_wconf 77' lang='lat' dir='ltr'>triti.</span> <span class='ocrx_word' id='word_1_286' title='bbox 330 3699 386 3756; x_wconf 86' lang='lat' dir='ltr'>Sed</span> <span class='ocrx_word' id='word_1_287' title='bbox 408 3696 445 3752; x_wconf 80' lang='lat' dir='ltr'>est</span> <span class='ocrx_word' id='word_1_288' title='bbox 461 3698 494 3752; x_wconf 85' lang='lat' dir='ltr'>in</span> <span class='ocrx_word' id='word_1_289' title='bbox 514 3696 594 3751; x_wconf 77' lang='lat' dir='ltr'>hisce</span> <span class='ocrx_word' id='word_1_290' title='bbox 615 3717 697 3771; x_wconf 86' lang='lat' dir='ltr'>prae·</span> <span class='ocrx_word' id='word_1_291' title='bbox 739 3700 933 3753; x_wconf 70' lang='lat' dir='ltr'>tertiatione</span> <span class='ocrx_word' id='word_1_292' title='bbox 958 3697 1119 3754; x_wconf 84' lang='lat' dir='ltr'>dicendum</span> <span class='ocrx_word' id='word_1_293' title='bbox 1135 3699 1224 3763; x_wconf 75' lang='lat' dir='ltr'>suffla.</span> 
     </span>
     <span class='ocr_line' id='line_1_36' title="bbox 214 3780 1224 3864; baseline -0.002 -25"><span class='ocrx_word' id='word_1_294' title='bbox 214 3790 305 3864; x_wconf 69' lang='lat' dir='ltr'>ceptis</span> <span class='ocrx_word' id='word_1_295' title='bbox 339 3782 485 3857; x_wconf 82' lang='lat' dir='ltr'>imprimit</span> <span class='ocrx_word' id='word_1_296' title='bbox 516 3780 697 3853; x_wconf 79' lang='lat' dir='ltr'>frequentata</span> <span class='ocrx_word' id='word_1_297' title='bbox 739 3781 820 3855; x_wconf 88' lang='lat' dir='ltr'>quod</span> <span class='ocrx_word' id='word_1_298' title='bbox 846 3799 940 3837; x_wconf 81' lang='lat' dir='ltr'>tamen</span> <span class='ocrx_word' id='word_1_299' title='bbox 964 3781 1180 3841; x_wconf 85' lang='lat' dir='ltr'>excludebatur</span> <span class='ocrx_word' id='word_1_300' title='bbox 1193 3783 1224 3838; x_wconf 80' lang='lat' dir='ltr'>alt</span> 
     </span>
     <span class='ocr_line' id='line_1_37' title="bbox 213 3863 1224 3944; baseline -0.007 -17"><span class='ocrx_word' id='word_1_301' title='bbox 213 3873 309 3929; x_wconf 77' lang='lat' dir='ltr'>nostro</span> <span class='ocrx_word' id='word_1_302' title='bbox 325 3869 463 3924; x_wconf 72' lang='lat' dir='ltr'>structura</span> <span class='ocrx_word' id='word_1_303' title='bbox 478 3863 564 3921; x_wconf 83' lang='lat' dir='ltr'>verbi</span> <span class='ocrx_word' id='word_1_304' title='bbox 574 3863 698 3919; x_wconf 77' lang='lat' dir='ltr'>subdan-</span> <span class='ocrx_word' id='word_1_305' title='bbox 737 3865 793 3919; x_wconf 88' lang='lat' dir='ltr'>illo</span> <span class='ocrx_word' id='word_1_306' title='bbox 813 3888 910 3941; x_wconf 86' lang='lat' dir='ltr'>prope.</span> <span class='ocrx_word' id='word_1_307' title='bbox 943 3865 1096 3921; x_wconf 69' lang='lat' dir='ltr'>Gallicum</span> <span class='ocrx_word' id='word_1_308' title='bbox 1115 3869 1224 3944; x_wconf 75' lang='lat' dir='ltr'>scholas</span> 
     </span>
     <span class='ocr_line' id='line_1_38' title="bbox 212 3945 1224 4026; baseline -0.004 -16"><span class='ocrx_word' id='word_1_309' title='bbox 212 3956 278 4018; x_wconf 87' lang='lat' dir='ltr'>tivi,</span> <span class='ocrx_word' id='word_1_310' title='bbox 288 3955 323 4008; x_wconf 88' lang='lat' dir='ltr'>de</span> <span class='ocrx_word' id='word_1_311' title='bbox 331 3972 388 4026; x_wconf 86' lang='lat' dir='ltr'>qua</span> <span class='ocrx_word' id='word_1_312' title='bbox 398 3949 512 4022; x_wconf 83' lang='lat' dir='ltr'>egimua</span> <span class='ocrx_word' id='word_1_313' title='bbox 522 3945 557 4000; x_wconf 83' lang='lat' dir='ltr'>ad</span> <span class='ocrx_word' id='word_1_314' title='bbox 567 3965 594 4018; x_wconf 87' lang='lat'>9,</span> <span class='ocrx_word' id='word_1_315' title='bbox 605 3960 634 4014; x_wconf 76' lang='lat'>5,</span> <span class='ocrx_word' id='word_1_316' title='bbox 647 3963 694 4006; x_wconf 77' lang='lat'>12.</span> <span class='ocrx_word' id='word_1_317' title='bbox 738 3947 789 4004; x_wconf 80' lang='lat' dir='ltr'>hic</span> <span class='ocrx_word' id='word_1_318' title='bbox 808 3951 996 4023; x_wconf 79' lang='lat' dir='ltr'>provinciales</span> <span class='ocrx_word' id='word_1_319' title='bbox 1022 3950 1224 4024; x_wconf 78' lang='lat' dir='ltr'>agnoscentem</span> 
     </span>
     <span class='ocr_line' id='line_1_39' title="bbox 212 4029 1273 4112; baseline -0.001 -16"><span class='ocrx_word' id='word_1_320' title='bbox 212 4056 241 4096; x_wconf 82' lang='lat' dir='ltr'>at</span> <span class='ocrx_word' id='word_1_321' title='bbox 254 4037 334 4093; x_wconf 87' lang='lat' dir='ltr'>alibi.</span> <span class='ocrx_word' id='word_1_322' title='bbox 360 4033 461 4106; x_wconf 82' lang='lat' dir='ltr'>Qualia</span> <span class='ocrx_word' id='word_1_323' title='bbox 475 4031 526 4084; x_wconf 84' lang='lat' dir='ltr'>hio</span> <span class='ocrx_word' id='word_1_324' title='bbox 542 4029 695 4085; x_wconf 82' lang='lat' dir='ltr'>valdema·</span> <span class='ocrx_word' id='word_1_325' title='bbox 736 4031 801 4089; x_wconf 83' lang='lat' dir='ltr'>satis</span> <span class='ocrx_word' id='word_1_326' title='bbox 817 4037 922 4108; x_wconf 86' lang='lat' dir='ltr'>probo,</span> <span class='ocrx_word' id='word_1_327' title='bbox 945 4036 1000 4089; x_wconf 87' lang='lat' dir='ltr'>uisi</span> <span class='ocrx_word' id='word_1_328' title='bbox 1017 4035 1096 4092; x_wconf 84' lang='lat' dir='ltr'>sorte</span> <span class='ocrx_word' id='word_1_329' title='bbox 1113 4053 1224 4112; x_wconf 73' lang='lat' dir='ltr'>gruem</span> <span class='ocrx_word' id='word_1_330' title='bbox 1270 4072 1273 4105; x_wconf 78' lang='grc'>,</span> 
     </span>
     <span class='ocr_line' id='line_1_40' title="bbox 210 4114 1153 4196; baseline -0.002 -14"><span class='ocrx_word' id='word_1_331' title='bbox 210 4123 310 4182; x_wconf 79' lang='lat' dir='ltr'>nisolta</span> <span class='ocrx_word' id='word_1_332' title='bbox 325 4125 352 4196; x_wconf 61' lang='grc' dir='ltr'>ς.</span> <span class='ocrx_word' id='word_1_333' title='bbox 364 4133 433 4175; x_wconf 86' lang='lat' dir='ltr'>aoo.</span> <span class='ocrx_word' id='word_1_334' title='bbox 456 4114 631 4190; x_wconf 78' lang='lat' dir='ltr'>corrigente</span> <span class='ocrx_word' id='word_1_335' title='bbox 638 4116 695 4196; x_wconf 33' lang='lat' dir='ltr'>&#39;hio</span> <span class='ocrx_word' id='word_1_336' title='bbox 736 4118 769 4176; x_wconf 87' lang='lat' dir='ltr'>iu</span> <span class='ocrx_word' id='word_1_337' title='bbox 784 4119 842 4196; x_wconf 82' lang='lat' dir='ltr'>ipsa</span> <span class='ocrx_word' id='word_1_338' title='bbox 859 4120 930 4177; x_wconf 86' lang='lat' dir='ltr'>urbe</span> <span class='ocrx_word' id='word_1_339' title='bbox 946 4135 1030 4176; x_wconf 83' lang='lat' dir='ltr'>notat</span> <span class='ocrx_word' id='word_1_340' title='bbox 1042 4123 1153 4184; x_wconf 76' lang='lat' dir='ltr'>uoftex.</span> 
     </span>
    </p>
   </div>
   <div class='ocr_carea' id='block_1_6' title="bbox 0 0 1284 5236">
    <p class='ocr_par' dir='ltr' id='par_1_7' title="bbox 0 0 1284 5236">
     <span class='ocr_line' id='line_1_41' title="bbox 0 0 1284 5236; baseline 0 3"><span class='ocrx_word' id='word_1_341' title='bbox 0 0 1284 5236; x_wconf 95' lang='lat' dir='ltr'> </span> 
     </span>
    </p>
   </div>
  </div>
 </body>
</html>
