2558 5236
1044 147 1060 188 Ι

239 369 311 442 33,
414 353 418 403 t
473 348 531 426 m.
556 351 657 421 rau
689 314 1006 470 omumum'
1083 334 1090 345 '

152 626 157 639 ‚
236 542 399 619 tum‘in
428 539 569 614 animis
596 538 748 627 valent3
784 564 876 612 cum
899 540 1074 639 pictura,
1112 551 1247 616 tacens

218 680 356 758 opus,
387 670 427 732 et
443 655 602 730 habitus
619 650 772 752 semper
788 654 987 746 ejusdem,
1014 651 1070 728 sic
1088 654 1136 728 in
1150 655 1247 729 inti·

235 797 329 851 mos.
340 784 520 872 penetret
528 761 723 857 affectus,
758 783 804 843 ut
827 767 952 867 ipsam
969 771 1055 844 vim
1078 767 1275 845 dicendiu

236 898 529 985 nonnunquam
558 881 740 983 superare
776 881 970 959 videatur.
1030 887 1188 961 Contra
1215 883 1248 959 sr

233 1000 364 1102 gestus
377 1026 420 1075 ac
437 1000 575 1077 vultus
592 998 640 1072 ab
656 999 836 1074 oratione
852 995 1087 1092 dissentiant,
1115 996 1244 1074 tristia

234 1117 412 1192 dicamus
437 1115 603 1203 hilares,
640 1111 880 1190 affirmemus
910 1114 1042 1213 aliqua
1063 1138 1242 1190 renueu-

235 1248 313 1309 tes:
352 1257 437 1307 non
461 1231 671 1305 auctoritas
697 1228 821 1305 modo
848 1229 1000 1318 verbis,
1032 1227 1243 1306 sedetiam

233 1344 337 1423 fides
372 1343 481 1420 desit
548 1347 684 1419 Decor
710 1367 873 1442 quoque
900 1370 922 1418 a
944 1343 1056 1445 gestu
1078 1361 1202 1444 atque
1223 1370 1244 1417 a

58 1530 64 1551 ,
170 1477 219 1548 ¹⁶3
237 1478 352 1539 motu
382 1461 503 1534 venit.
570 1458 746 1563 Ideoque
770 1457 1065 1536 Demosthenes
1093 1459 1241 1560 grande

234 1574 437 1675 quoddam
454 1575 616 1649 intuens
630 1571 847 1673 speculum,
860 1601 1103 1676 componere
1119 1577 1237 1652 ectio·

196 1771 204 1785 ,
234 1715 328 1766 nem
344 1686 502 1763 solebat.
548 1686 680 1777 Adeo,
702 1691 885 1785 quamvis
900 1690 1037 1790 fulgor
1054 1692 1126 1764 ille
1146 1688 1236 1765 sirii·

234 1804 328 1880 stras
350 1803 542 1902 imagines
556 1803 707 1891 reddat,
735 1803 818 1880 sui's
833 1802 998 1880 demum
1013 1807 1144 1881 oculis
1158 1831 1235 1881 cre·

231 1918 355 2007 didit,
393 1916 506 2018 quod
530 1915 718 1994 efficeret.
776 1921 1041 2020 Praecipuum
1068 1944 1170 1995 vero
1193 1923 1234 1996 io

226 2035 398 2122 actione,
425 2030 526 2109 ficut
538 2035 584 2109 in
601 2059 768 2136 corpore
785 2012 886 2135 ipsi),
917 2051 1035 2136 caput
1052 2032 1122 2125 est,
1145 2060 1233 2127 cum

229 2148 279 2224 ad
300 2149 439 2239 illum,
467 2148 519 2223 de
543 2175 626 2250 quo
642 2149 746 2239 dixi,
775 2149 982 2241 decorem,
1011 2154 1232 2227 tumetium

227 2380 307 2438 Flor.
324 2379 424 2456 camp.
441 2383 470 2434 in
483 2381 579 2437 habitu
592 2402 648 2458 pro
663 2383 774 2438 liabitas
789 2383 957 2447 cumAlm·;
978 2399 1007 2440 et
1020 2384 1122 2460 Camp.
1141 2384 1231 2442 eodem

227 2485 356 2539 quoque.
388 2468 416 2518 in
438 2481 508 2521 onte
534 2469 647 2521 intimos
668 2469 810 2524 omittunt
829 2470 919 2527 Goth.
944 2470 1019 2528 Jeus.
1045 2473 1113 2537 (tac.
1139 2471 1231 2538 Getn.)

228 2551 329 2623 Carnp.
344 2568 410 2603 cum
426 2548 502 2606 vall.
518 2550 597 2608 Voss'.
610 2564 639 2616 5.
656 2552 740 2607 Colb.
757 2554 845 2610 Tarv.
859 2555 894 2607 ab
911 2568 1022 2609 oratore
1037 2555 1141 2611 Turio.
1156 2554 1230 2610 Flos.

226 2631 327 2706 camp.
348 2652 414 2687 cum
435 2631 773 2708 Ahn.601h.(cf.65.).
797 2638 852 2692 Sed
865 2639 965 2692 Turio.
988 2637 1067 2693 Flor.
1085 2640 1190 2696 Ambr.
1204 2652 1231 2693 2.

227 2713 370 2791 dissentiat
383 2715 465 2788 (cum
480 2717 557 2775 vols.
576 2739 603 2774 1.
618 2722 674 2788 5.),
694 2720 784 2775 iidem
798 2739 912 2796 praeter
931 2725 1032 2797 Comp.
1054 2727 1124 2798 (qui
1142 2724 1230 2780 modo

223 2817 274 2858 aut
294 2819 349 2875 pro
374 2803 421 2868 ac)
446 2796 567 2875 tristitia.
611 2805 686 2859 Mox
706 2820 769 2860 ante
788 2821 865 2863 ntotu
879 2801 1126 2883 praepositioirem
1147 2810 1230 2867 omit·

225 2901 292 2941 tuut
304 2887 404 2943 Turio.
413 2885 492 2940 Flor.
507 2887 609 2944 Ambr.
619 2902 647 2944 2.
669 2889 780 2953 Guels.;
800 2892 992 2947 inserentibus
1012 2895 1114 2949 Burm.
1133 2914 1229 2955 acccu-

224 2970 264 3023 set
287 2969 361 3024 Alm.
386 2971 466 3042 quod
489 2972 591 3026 miror.
635 2975 718 3046 Ego,
743 2977 875 3047 quamvis
899 2978 1048 3050 operofior
1064 2976 1116 3033 hic
1134 2976 1229 3036 videti

224 3052 312 3125 pollis
324 3053 459 3125 repetitio
475 3057 707 3128 praepositionis,
723 3059 847 3112 summae
862 3062 1040 3116 auctoritatis
1056 3063 1140 3120 testes
1153 3062 1228 3139 sequi

224 3152 286 3188 uon
303 3136 411 3198 audeo,
435 3156 502 3190 cum
524 3151 608 3213 atque
629 3157 749 3216 proptor
765 3145 930 3217 sequentem
951 3144 1084 3201 vocalem
1101 3151 1228 3223 positum

223 3217 378 3274 videatur:
407 3218 443 3273 cs.
461 3238 490 3293 9,
508 3231 535 3288 4,
553 3223 623 3311 157.

287 3335 336 3403 63.
358 3336 509 3411 quoddam.
532 3339 631 3398 Turio.
643 3342 713 3399 huic
729 3348 798 3403 roci
812 3347 975 3422 praemittit
984 3352 1113 3408 condam.
1129 3353 1227 3431 Camp.

223 3439 278 3496 pro
302 3420 405 3474 eodeni
426 3442 543 3497 quoque.
578 3429 636 3481 Pro
656 3427 756 3503 fulgor
776 3431 863 3510 flor,
877 3433 978 3505 vulger
999 3435 1055 3504 (cs.
1075 3438 1104 3500 6,
1120 3453 1150 3506 3,
1171 3444 1227 3511 9.).

223 3505 288 3560 Posi
309 3505 357 3559 isse
381 3505 511 3560 inserunt
534 3511 561 3562 iu
582 3513 684 3566 Ambr.
703 3532 730 3569 2.
758 3516 853 3571 Guels.
880 3537 945 3570 cum
965 3521 1039 3576 Jens.
1063 3523 1224 3597 etposterr.

187 3600 191 3610 '
223 3589 287 3645 edd.
304 3588 444 3644 onteAld.
456 3590 501 3644 sed
519 3596 672 3651 excusiilli
688 3598 774 3654 ctiam
792 3602 887 3656 redeat
902 3602 1032 3670 (deJens.
1049 3606 1223 3677 en.Gesn.).

221 3676 279 3727 Pro
300 3672 361 3749 ipso
380 3673 459 3730 Flor.
477 3675 544 3752 ipse.

262 3870 313 3942 67.
333 3878 389 3931 vim
399 3875 508 3934 dicendi
515 3908 556 3923 -
558 3877 699 3955 superare.
735 3885 887 3964 speculum.
912 3890 978 3950 Vid.
995 3902 1108 3966 praetor
1127 3888 1224 3951 leude·

218 3957 356 4013 Remittit
408 3963 699 4026 Pseudo-Turnebus
742 3990 788 4028 tos
799 3978 834 4030 sd
854 3996 900 4040 to,
918 3990 947 4044 3,
967 3990 1014 4044 25.
1037 3974 1125 4047 Apul.
1138 3977 1224 4054 Apol.

218 4035 357 4094 lectorem
374 4045 409 4098 ad
425 4047 452 4110 6,
471 4068 495 4112 ι,
514 4062 563 4116 52.
741 4077 769 4132 p.
794 4072 844 4127 87.
867 4062 920 4119 Ed.
938 4060 1046 4119 Gentis.
1069 4071 1142 4131 283·
1174 4064 1225 4122 El?

263 4124 312 4195 63.
335 4127 531 4205 Demosthenes
544 4138 700 4208 grande·
740 4144 839 4202 meust.
