2558 5236
10 39 205 423 Ι
225 303 239 314 Ἰ

721 502 725 515 Ι

30 530 48 561 Χ

211 730 215 745 '
307 750 665 861 inab-onaron
691 777 783 851 ma.
812 779 944 876 ιιιι.
1051 797 1125 867 325

39 976 42 981 '
120 981 179 1047 rat
195 963 416 1065 firmitatis,
444 963 527 1067 [ive
544 964 754 1064 requiescit
769 968 882 1046 labor
898 970 987 1060 ille,
1011 976 1127 1065 cujus

118 1081 193 1159 fibi
221 1080 304 1182 ipsa
319 1081 496 1182 fatigatio
525 1079 717 1170 obstabat,
745 1079 828 1159 five
846 1088 1126 1184 concoquitur,

119 1195 191 1274 seu
215 1213 457 1286 maturatur,
485 1208 586 1293 quae
606 1194 822 1272 firmiffima
842 1206 927 1294 ejus
945 1227 1034 1302 pars
1057 1199 1128 1297 est,

61 1359 65 1367 ·
118 1312 363 1394 recordatio:
394 1332 495 1410 quae
517 1305 646 1383 statim
669 1308 811 1382 referri
832 1337 915 1393 non
929 1331 1125 1418 poterant,

120 1443 390 1506 contexuntur
415 1421 572 1523 postera
592 1422 676 1510 die,
697 1419 1009 1524 confirmatque
1040 1456 1125 1507 me·

117 1546 291 1623 moriam
304 1540 412 1614 idem
423 1536 532 1611 illud
548 1551 721 1636 tempus,
736 1537 849 1635 quod
863 1535 938 1613 elle
954 1543 999 1616 in
1012 1543 1125 1621 causa

75 1743 87 1764 .
121 1657 223 1735 solet
238 1651 467 1732 oblivionis.
495 1651 625 1725 Etiam
639 1644 709 1725 illa
724 1654 936 1751 praevelox
950 1652 1033 1731 fere
1046 1660 1125 1737 cito
1140 1673 1181 1739 44

123 1771 275 1858 effluit,
299 1781 350 1854 et,
375 1765 492 1840 velut
505 1763 700 1865 praesenti
716 1761 852 1844 officio
868 1765 1005 1844 functa
1022 1771 1127 1857 nibil

125 1888 171 1962 in
184 1883 385 1986 posterum
402 1878 552 1969 debeat,
576 1895 762 1980 tanquam
777 1880 930 1957 dimiffa
947 1884 1126 1961 discedit.

124 2003 213 2079 Nec
234 1993 289 2070 est
309 1997 472 2084 mirum,
497 1996 622 2094 magis
648 1995 812 2071 haerere
837 2000 996 2089 animo',
1024 2025 1126 2099 quae
1224 1994 1232 2009 '

123 2113 274 2193 diutius
290 2108 400 2185 affixa
412 2107 502 2209 lint
554 2115 614 2185 Ex
627 2111 702 2186 hac
715 2114 974 2213 ingeniorum
993 2113 1128 2191 diver·

120 2229 227 2307 litate
243 2240 334 2300 nata
347 2225 544 2302 dubitatio
559 2224 627 2316 est,
640 2228 698 2301 ud
713 2222 945 2338 cerbumsit
959 2233 1022 2304 edi
1041 2258 1127 2306 cen·

117 2344 211 2431 dum
231 2343 412 2430 dicturis,
440 2367 493 2415 aa
515 2345 598 2416 cim
613 2343 726 2418 nzodo
743 2369 873 2418 rerum
887 2363 1005 2445 atque
1021 2348 1126 2433 ordi-

118 2485 205 2535 nem
218 2456 418 2555 complecti
430 2448 619 2563 scitissit:
631 2455 682 2529 de
699 2482 782 2553 quo
799 2457 882 2531 fine
897 2458 1025 2538 dubio
1039 2486 1126 2538 non

119 2569 247 2675 potest
261 2573 308 2679 in
323 2566 560 2646 univertum
576 2572 847 2669 pronunciari.
876 2572 985 2649 Nam
996 2573 1029 2648 fi
1041 2600 1125 2665 mag
1142 2602 1181 2662 45

120 2786 222 2843 Turic.
242 2784 322 2842 Flor.
342 2787 454 2842 dictum.
620 2782 771 2861 requiescit.
795 2785 853 2840 Sic·
865 2783 967 2840 Ambr.
986 2794 1014 2845 a.
1037 2780 1125 2839 Goth.

120 2873 196 2933 Jent
218 2869 288 2941 (tac.
306 2872 404 2944 Gelu.)
424 2871 605 2946 compecto
621 2869 687 2925 edd.
703 2887 768 2925 ante
780 2867 864 2926 Balil.
878 2871 984 2946 requies
997 2888 1058 2921 cum
1066 2867 1127 2921 Tu·

120 2957 175 3011 ric.
191 2954 270 3012 Flor.
287 2975 354 3012 cum
372 2955 448 3011 Alm.
470 2952 592 3029 Reliqui
605 2952 727 3030 quiescit.
859 2952 923 3031 sive
941 2953 1126 3028 concoquitur,

114 3040 169 3117 seu
186 3053 351 3104 maturatur,
374 3048 443 3115 quae
459 3037 539 3112 firm.
576 3041 624 3094 sic
638 3039 739 3095 Turio.
755 3038 833 3097 Flor.
850 3040 906 3094 nifi
919 3030 1002 3113 quod
1016 3055 1052 3091 ex
1067 3033 1127 3090 ltoc

118 3145 181 3182 non
200 3124 328 3181 refertur
348 3146 427 3201 quae.
450 3121 602 3199 Reliquis.
621 3136 776 3178 maturatur
790 3141 873 3198 atque
886 3126 1064 3199 concoquitur
1074 3116 1147 3194 scu'

114 3208 284 3287 simiiffima,
307 3228 369 3264 exc.
386 3202 485 3284 Cimp.
503 3206 601 3282 quiin
619 3209 756 3263 extremis
776 3208 856 3263 hisce
865 3207 926 3282 five
940 3208 1013 3278 quod
1021 3200 1128 3279 firmis·

116 3292 208 3368 siout
230 3311 259 3350 ct
273 3294 348 3355 Jenr.
365 3316 398 3348 ac
414 3296 539 3370 coquitur
558 3291 841 3365 cumedd.poste1·r.
858 3309 922 3347 ante
936 3289 1002 3346 Alc.
1019 3288 1078 3357 (ci.
1096 3296 1126 3356 8,

125 3387 153 3445 4,
179 3379 249 3451 ι6.)
275 3380 348 3435 item
378 3376 469 3434 Goth.
491 3375 554 3452 five
573 3380 762 3452 concoquitur.
941 3369 1051 3446 postera
1071 3370 1127 3426 die.
1245 3408 1249 3415 -

124 3463 225 3537 (lamp.
240 3458 349 3537 postero
362 3464 389 3518 al.
404 3481 472 3516 cum
487 3459 554 3515 Ald.
567 3459 637 3515 Bad.
650 3460 733 3513 Balil.
748 3457 862 3532 Gryph.
878 3456 955 3512 Gibi.
965 3456 1038 3510 Obr.
1048 3451 1127 3509 nott.

124 3547 160 3602 ci.
175 3547 203 3610 6,
220 3560 248 3613 5,
263 3566 314 3621 qo.
350 3549 425 3602 Mox
437 3542 605 3618 confirmant
624 3563 695 3619 quaa
708 3543 809 3598 Turio.
828 3540 924 3598 Guelf.
955 3539 1049 3595 Modo
1063 3556 1129 3593 con·

123 3644 228 3687 textum
243 3633 344 3708 Camp.
359 3632 432 3687 item
446 3627 548 3703 referre
562 3646 629 3683 cnm
644 3628 736 3683 Ruso.

191 3727 238 3785 44.
263 3713 308 3790 est,
324 3715 496 3772 adverbum.
518 3713 566 3768 sic
579 3713 677 3768 Turio.
687 3710 788 3767 Ambr.
798 3727 826 3766 a.
843 3711 944 3785 Camp.
959 3729 1027 3765 cum
1039 3707 1128 3766 Goth.

96 3814 99 3822 '
126 3794 200 3858 Vati
211 3801 290 3859 Vols.
310 3823 337 3855 1.
353 3814 381 3869 3.
395 3802 425 3869 (e
439 3798 517 3855 von.
534 3810 562 3855 2.
586 3799 705 3853 affcrtnr
719 3819 758 3852 aa
770 3795 945 3862 adverbium)
961 3794 1043 3850 Gein.
1063 3794 1129 3866 Bip.

128 3877 166 3955 ast
180 3904 216 3938 an
229 3906 255 3942 v.
278 3884 375 3941 Gueli.
393 3902 460 3939 cum
475 3881 550 3942 Jcni.
568 3883 655 3936 Tarv.
676 3880 797 3954 Reliqui
811 3901 835 3935 a.
849 3901 887 3935 au
902 3880 941 3939 ad
955 3900 982 3934 v.
999 3895 1129 3951 qnorum

128 3964 208 4021 Flos.
233 3968 286 4024 effa
307 3969 406 4023 mirer.
428 3970 531 4022 Burm.
554 3966 682 4035 nol'trun)
697 3964 825 4040 probant
843 3962 966 4018 debebat
981 3960 1129 4033 recipere;

130 4049 168 4108 cf·
187 4062 214 4117 5,
233 4065 280 4120 13,
298 4071 344 4107 ιι.
367 4053 462 4109 Morlo'
475 4049 564 4107 Goth.
579 4050 646 4124 (tac.
656 4051 753 4116 Gelu.)
767 4049 867 4122 camp.
882 4045 1023 4122 pervales.
1033 4041 1130 4097 Gnell.

130 4134 243 4192 omittit
264 4135 393 4201 discedit,
413 4138 485 4193 item
507 4153 578 4190 mox
598 4128 689 4213 potest
708 4134 786 4188 inter
806 4152 862 4186 non
880 4147 909 4185 ct
923 4130 961 4183 in.
982 4125 1084 4183 Ambr.
1102 4143 1132 4182 a.

130 4218 259 4276 dicturus.
275 4219 364 4277 Goth·
376 4218 449 4305 [atis
464 4216 513 4296 est,
535 4218 616 4294 quod
635 4219 672 4273 ci.
692 4217 728 4272 ad
742 4226 775 4290 4,
796 4237 823 4279 1,
842 4224 891 4284 28.
924 4288 932 4300 Ι

174 4410 223 4470 43·
247 4423 318 4478 quaa
330 4400 429 4479 statim
440 4432 486 4449 ·-·
498 4400 609 4480 postera
652 4402 749 4479 referri
770 4400 947 4472 interpretor
968 4395 1135 4472 singulatim

127 4488 183 4543 die.
206 4489 287 4542 Haec
304 4489 609 4562 epiphonarnaiialoco
652 4488 761 4563 repeti,
784 4485 893 4536 conteri
913 4483 1052 4538 continuo
1073 4498 1136 4536 ora·
1246 4518 1253 4549 ,

126 4573 347 4650 subjunguntur
367 4593 422 4649 per
444 4576 610 4650 uiyndeton.
655 4574 746 4630 tionis
762 4567 882 4624 flumine
899 4569 1060 4641 decurrere.

996 4800 1015 4851 Ι
