2558 5236
174 330 246 398 502
412 304 469 379 Μ.
492 307 593 419 ω.
621 302 936 400 coturnum
985 374 988 379 ,

176 514 307 575 autem
339 499 470 575 molus
497 494 607 570 aliud
632 493 736 568 dicat
764 488 913 566 necelle
935 492 1013 584 est,
1064 522 1184 596 quam

115 627 152 684 σο
173 611 299 688 lentit.
356 617 488 689 Bonos
513 635 722 710 nunquam
746 606 937 684 honestus
957 604 1182 689 sermo‘de-

169 725 299 817 ficiet,
332 751 540 829 nunquam
566 717 702 801 rerum
724 724 971 826 optimarum
993 726 1112 823 (nem
1132 730 1180 804 ii·

171 842 263 918 dem
286 845 405 917 etiam
432 841 649 944 prudentes
671 843 806 937 erunt)
834 841 1045 933 inventio:
1078 867 1179 942 quae

172 953 320 1033 etiamli
337 958 548 1049 lenociniis
563 953 745 1031 destitute
759 951 819 1042 fit,
847 951 938 1030 latis
955 970 1100 1033 tamen-
1115 986 1180 1035 ne·

172 1086 257 1147 tura
278 1068 343 1147 sua
362 1068 544 1149 ornatur:
573 1068 891 1170 necquidquam
911 1068 997 1146 non
1023 1071 1179 1167 diserte,

57 1226 61 1235 ·
112 1217 146 1274 ei
171 1185 282 1288 quod
297 1186 472 1279 honeste,
501 1183 659 1283 dicitur.
719 1191 859 1290 Quare,
876 1189 1088 1279 juventus,
1107 1193 1177 1265 im·

169 1327 237 1377 mo
264 1302 538 1403 omnicoeta's,
571 1298 862 1407 (nequeenim
873 1317 1011 1399 *rectae
1028 1306 1212 1413 volun-10

169 1420 239 1490 toti
261 1415 392 1493 serum
415 1416 469 1492 est
488 1432 647 1516 tempus
672 1415 822 1516 ullum)
851 1416 945 1491 totis
968 1422 1175 1499 mentibus

116 1578 126 1603 i
168 1529 251 1607 huc
280 1514 505 1620 (eumue,
530 1531 577 1609 in
599 1530 676 1604 hoc
701 1528 945 1605 laboremus:
975 1529 1116 1612 fortan
1142 1552 1177 1613 et

170 1642 441 1720 consummare
466 1647 677 1742 contingat.
739 1642 899 1719 Nanfi
920 1660 1071 1723 natura
1098 1678 1175 1728 nou

64 1770 67 1783 '
168 1757 356 1858 prohibet
386 1775 425 1833 et
458 1755 531 1833 elle
563 1761 699 1834 virum
734 1757 909 1848 bonum,
949 1776 990 1836 et
1015 1761 1094 1839 effe
1120 1766 1173 1843 di·

170 1870 287 1947 cendi
312 1875 506 1976 peritum:
566 1897 639 1947 cur
661 1899 746 1950 non
765 1874 907 1974 aliquis
928 1878 1051 1952 etiam
1071 1906 1174 1960 unut

168 1970 387 2088 utrumque
418 1985 607 2090 consequi
636 1987 773 2089 pollici
829 2007 1062 2070 curantem
1093 2023 1172 2074 non

110 2112 146 2169 32
167 2097 395 2203 [equisque
423 2102 551 2205 speret
576 2101 665 2179 fore
697 2105 814 2178 illum
845 2108 1053 2203 aliquem?
1116 2112 1173 2189 Ad

167 2218 331 2318 quodsi
355 2224 459 2299 vires
482 2221 636 2322 ingenii
658 2215 1013 2313 nonluffecerint,
1043 2240 1172 2305 temen

228 2496 278 2550 30.
301 2489 395 2542 Bonus
409 2508 491 2561 nunq.
512 2487 614 2542 Ambr.
634 2499 662 2540 2.
686 2487 775 2541 Bonis
791 2508 818 2542 n.
841 2483 938 2565 Gueli.
963 2507 1033 2546 cum
1050 2494 1126 2553 Jeut
1146 2512 1172 2552 ec

166 2565 231 2622 edd.
253 2571 324 2642 post.
343 2587 408 2627 ente
423 2570 487 2625 Ald.
513 2571 601 2625 bonos
615 2591 735 2644 uuquam
749 2570 848 2626 Turic.
864 2587 891 2625 et
907 2589 980 2626 mox
998 2576 1111 2634 iterum
1126 2603 1172 2636 ee·

165 2669 254 2723 quam.
283 2654 415 2710 lenocinii
428 2656 502 2715 Jenl.
521 2658 590 2728 (tac.
608 2655 708 2729 Gelo.)
730 2656 817 2712 Tere.
838 2669 930 2709 tamen
941 2655 1017 2729 [ntis
1035 2663 1118 2720 flor.
1133 2667 1173 2721 ‹li-

163 2737 233 2789 citur
248 2755 305 2794 om.
322 2740 416 2797 Guelf.

216 2865 279 2918 ιω.
305 2876 399 2912 omnes
414 2872 519 2914 aetates
529 2859 628 2916 Turio.
645 2857 724 2913 flor.
735 2856 800 2926 (hic
811 2857 930 2932 quidem
950 2868 1060 2941 omnis)
1070 2869 1168 2946 comp.

165 2940 253 2991 omnis
267 2955 360 2995 aetate
374 2942 450 2997 Alm.
663 2946 690 2996 in
714 2943 946 3000 hoclaboremus.
994 2951 1046 3006 Sic
1070 2955 1169 3030 camp.

165 3020 193 3071 in
211 3020 277 3074 laec
291 3025 310 3077 l.
327 3027 425 3080 Turio.
444 3029 471 3082 iu
486 3029 552 3083 haee
566 3018 768 3085 elaiioruremut
783 3026 859 3081 Flor.
877 3031 904 3081 in
920 3030 987 3085 haee
1000 3036 1169 3094 elaboramus

163 3101 266 3156 Ambr.
294 3120 320 3161 2.
342 3107 436 3163 Guell.
460 3132 484 3166 c.
506 3111 582 3166 Alnr.
607 3118 634 3165 in
658 3113 709 3166 hac
732 3113 766 3166 el.
787 3112 875 3167 Goth.
892 3114 966 3170 lens.
986 3137 1011 3171 c.
1038 3123 1118 3179 Voll'.
1143 3138 1168 3178 ι.

163 3180 252 3239 Terv.
271 3191 297 3241 in
316 3191 367 3246 hoc
382 3191 416 3245 el.
434 3194 552 3266 reliqui.
578 3197 620 3250 Cl'.
644 3216 697 3251 noe
722 3197 752 3249 in
778 3200 911 3251 Prooem.
936 3200 1005 3256 Vol.
1024 3217 1054 3270 5.
1074 3226 1102 3280 p.
1118 3209 1167 3263 XI.

162 3267 209 3322 sed
224 3284 251 3323 et
265 3287 292 3333 2,
317 3283 345 3341 8,
369 3285 397 3343 8.
443 3282 608 3352 contingant
622 3278 699 3334 Flor.
716 3280 815 3335 Ambr.
833 3295 860 3334 2.
879 3281 976 3338 Guelf.
994 3306 1018 3341 c.
1038 3290 1117 3347 Vols.
1142 3313 1166 3348 t.

153 3364 190 3406 et
212 3355 274 3426 poli
293 3359 422 3432 prohibet
445 3382 502 3416 orn.
528 3366 626 3440 Cnmp.
650 3383 675 3419 c.
698 3367 790 3421 Stoer.
809 3365 932 3423 clionee
955 3369 1043 3426 Leid.
1069 3374 1166 3430 dom

162 3452 220 3517 ctu.
237 3440 336 3497 Turic.
353 3443 429 3500 Flor.
445 3446 531 3501 dicidi
546 3471 574 3523 p.
590 3449 689 3504 Turic.
818 3460 828 3467 “

223 3588 273 3641 32.
289 3576 453 3654 sufficerent
476 3583 577 3640 Turio.
601 3583 680 3643 Ποῖ.
702 3602 768 3639 cum
788 3580 864 3637 Alm.
886 3602 970 3660 nsque
987 3607 1048 3656 om.
1068 3595 1164 3651 Turic-

199 3790 248 3843 31.
273 3782 301 3834 in
315 3783 366 3837 hoc
381 3784 543 3840 laboremus.
559 3787 638 3842 Mihi
680 3787 741 3843 cie.
760 3786 955 3856 adFamil.5‚
975 3807 1022 3848 12.
1047 3816 1079 3871 p.
1099 3796 1162 3855 ΔΜ.

153 3859 271 3932 quidem
287 3865 471 3938 dubitatione
495 3888 571 3924 cerct
586 3871 637 3925 loc
679 3872 727 3940 63.
739 3872 767 3927 b.
792 3875 819 3923 in.
835 3892 867 3926 eo
881 3893 980 3945 genere
995 3880 1163 3939 laborarunt

152 3942 207 3999 elle
238 3948 447 4017 accusativum,
490 3974 544 4028 pro
574 3974 633 4027 quo
676 3955 802 4009 elienum
821 3954 891 4011 hinc
906 3962 1043 4033 agnoscit,
1068 3968 1164 4040 cujus·

150 4025 344 4102 Senecsspiss.
366 4046 421 4103 ¹⁰8
438 4040 633 4093 intenturam
674 4040 758 4095 modi
788 4039 826 4093 est
847 4056 875 4095 et
902 4043 991 4097 noilri
1021 4046 1108 4106 locus
1135 4063 1166 4121 5„

149 4107 630 4179 laborenruseffertBurm.etidem
678 4142 724 4188 ιο,
744 4142 812 4200 ¹¹9·
846 4125 948 4183 clhie
967 4133 1113 4190 nouerit.
