2558 5236
109 293 216 374 424·
348 273 405 346 Μ.
432 273 533 345 riu.
558 266 871 365 omninum

109 470 231 554 bitus,
259 449 332 563 qui
351 461 424 539 etse
439 463 483 537 in
501 458 634 535 statuis
655 454 885 559 pacificator
901 451 1016 542 solet,
1033 454 1127 552 qui,
1145 452 1156 467 “

109 584 302 661 inclinato
327 582 371 655 iu
397 568 613 685 humeru'm
635 572 821 647 dextrum
850 571 997 669 capite,
1032 570 1128 643 bra-

112 700 206 775 chio
224 696 272 771 ab
287 719 381 771 aure
396 688 597 796 protenso,
624 712 789 763 manum
807 684 952 779 infesto
970 685 1127 784 pollice

112 811 309 891 extendit:
340 802 601 910 quiquidem
623 804 793 878 maxime
808 803 936 904 placet
952 801 1021 889 iis,
1052 801 1128 899 qui

116 1027 217 1100 Camp.
234 1023 298 1083 All.
319 1023 420 1098 inferte
435 1022 536 1078 Amba·
556 1036 588 1096 2.
604 1018 716 1076 omittit
729 1017 829 1072 Turio.
846 1029 947 1087 potens
977 1035 999 1070 o
1013 1034 1128 1068 manum

116 1106 214 1184 infeste
227 1111 324 1184 pollici
337 1110 412 1170 Jenl.
429 1108 497 1174 (tao.
510 1108 606 1174 Gelu.)
617 1107 704 1160 Tarv.
724 1101 804 1160 Voss.
815 1112 843 1165 5.
860 1100 1009 1173 protendit
1023 1099 1127 1153 Turio.

115 1195 196 1250 Flor.
220 1197 320 1269 camp.
343 1212 409 1247 eum
429 1191 506 1248 Alm.
528 1193 667 1270 placentis
689 1189 736 1266 qui
758 1184 860 1241 Turio.
877 1183 956 1239 Flor.
973 1183 1080 1240 Ambr.
1098 1197 1126 1238 a.

119 1277 218 1336 Guels.
235 1298 303 1345 eum
318 1276 396 1340 Voff.
413 1290 444 1345 5.
801 1290 804 1295 ·

117 1463 196 1528 „bna
222 1465 302 1537 tangi
324 1460 486 1516 memini.“
521 1460 609 1521 Haeo.
643 1479 712 1525 „roe
737 1459 897 1514 eminentes
919 1455 1079 1531 porrigens
1101 1469 1129 1510 et

69 1606 75 1615 .
120 1567 224 1605 cuma
247 1543 601 1620 Spaldiugiolrieadne·
644 1539 765 1618 ‚infesto
816 1542 919 1615 pellice
970 1539 1129 1595 elementer

120 1648 178 1689 tata
197 1631 373 1705 reperissem,
397 1629 503 1684 artium
529 1629 602 1682 anti·
645 1628 816 1694 „subridens
839 1626 936 1681 insist
981 1625 1040 1680 Cui
1064 1624 1128 1680 loco

120 1715 371 1791 quarum'peritoe
388 1713 457 1768 adii.
494 1712 550 1767 Sed
566 1731 603 1766 ne
646 1729 723 1768 reete
740 1710 915 1767 admovetur
936 1708 1129 1783 illefulgen·

120 1799 157 1856 hi
171 1798 291 1874 quidem
314 1797 381 1853 talia
400 1800 433 1852 in'
447 1795 542 1851 statuit
558 1796 604 1850 vi·
647 1798 684 1854 tii
697 1795 856 1852 Planciadis
866 1795 900 1849 de
917 1785 1038 1850 contin.
1049 1795 1129 1868 Virg.

8 1944 14 1961 ⁸
122 1882 233 1939 (terete
256 1883 457 1936 meminerant.
478 1896 480 1901 ’
503 1882 606 1935 Mone·
648 1890 769 1958 p.143.
801 1879 923 1934 Munck.
951 1887 1023 1944 742.
1055 1881 1130 1933 Sur.

54 2012 57 2017 ,
121 1967 193 2024 bant
209 1983 305 2021 tamen
319 1967 409 2021 iidem
424 1967 460 2020 de
476 1984 607 2020 commu·
649 1970 770 2038 „ltaque
785 1965 962 2036 compositus
974 1960 1133 2016 indicendi

122 2052 157 2108 ni
169 2048 222 2116 illa
236 2051 427 2125 antiquorum
446 2052 607 2124 lignorum,
649 2048 803 2114 „modurn
818 2048 920 2102 erectis
936 2047 968 2100 in
983 2047 1048 2102 iota
1063 2048 1133 2100 duo·

123 2135 250 2204 maxime
266 2135 315 2201 ¹in
344 2135 498 2198 matribus,
522 2132 608 2195 labe.
651 2135 725 2198 „but
748 2131 848 2205 digitis
867 2132 987 2186 tertium
1003 2131 1135 2205 pellicent

123 2240 198 2294 quae
214 2217 308 2273 multa
324 2219 410 2288 hujus
428 2218 542 2294 generis
557 2236 610 2273 no·
652 2220 862 2291 „cumprimum
879 2215 920 2269 ita
934 2214 1035 2270 verbis
1052 2232 1135 2271 exor-

123 2303 172 2369 bis
192 2302 312 2360 invidit.
365 2306 440 2359 Sunt
459 2318 558 2357 autem
576 2301 611 2357 iu
651 2303 717 2366 „sua
742 2301 817 2355 est.“
854 2300 949 2372 Quem
964 2298 1069 2355 locum
1084 2298 1136 2354 du·

60 2415 66 2428 ·
124 2389 267 2461 seriptum
289 2389 377 2443 etiam
399 2387 540 2462 quaedam
557 2385 609 2441 ob·
651 2384 779 2442 riuscule
796 2384 1139 2455 tractavitGesnerussm

33 2480 42 2493 “
125 2474 242 2527 servitu
264 2472 362 2544 digna.
399 2467 530 2543 infestum
544 2469 610 2543 pol·
650 2471 723 2526 Lex.
744 2489 772 2524 v.
798 2470 919 2535 Pollex).
956 2469 1037 2523 Nam
1066 2489 1139 2523 com·

126 2557 207 2610 lacem
221 2553 379 2629 aliquoties
394 2554 536 2628 legimus,
560 2571 610 2607 ne·
651 2558 769 2626 primere
786 2573 823 2608 ex
835 2553 868 2606 vi
884 2554 941 2627 ipsa
958 2554 1044 2609 vocis
1061 2550 1142 2608 nihil

125 2658 185 2713 que
208 2637 338 2694 dubitari
355 2639 462 2712 potest,
485 2637 558 2709 quin
574 2654 610 2691 ex
652 2637 733 2691 eliud
754 2639 808 2699 est,
846 2639 997 2710 quantita
1024 2654 1141 2694 conm-

126 2741 160 2777 το
177 2721 350 2795 gladiatoria
366 2721 500 2777 translata
514 2721 551 2774 lit
565 2718 609 2774 lo·
653 2722 723 2777 here
740 2722 877 2796 digitum,
895 2739 928 2776 ut
942 2722 1142 2776 articulorum

127 2807 220 2863 euno.
258 2807 327 2866 Vid.
354 2822 471 2883 poetam
500 2800 614 2876 anouy·¹
645 2807 754 2861 ¹tubera
770 2806 964 2880 promineant.
989 2805 1142 2860 Undeola·

126 2908 210 2945 mnm
223 2893 256 2946 in
264 2887 431 2964 -Antholog.
444 2892 545 2944 Burm.
557 2887 611 2945 tib.
653 2889 761 2945 rilstme
767 2892 822 2960 jam
832 2907 958 2964 apparet,
968 2890 1042 2963 quid
1050 2891 1143 2947 suerit

125 2986 157 3040 5.
174 2995 261 3029 carm.
277 2985 326 3042 82.
345 2995 376 3029 v.
392 2985 440 3042 28.
470 2976 569 3045 Sperat
585 2986 613 3026 et
653 2975 750 3049 pollex
772 2970 892 3046 ἐκνίψω.
937 2970 997 3047 Qui
1020 2994 1091 3028 cum
1110 2977 1144 3030 in

127 3058 264 3134 inserena
286 3061 372 3111 victus
393 3059 536 3130 gladiator
552 3078 612 3110 are·
655 3059 794 3113 lenissima
834 3074 984 3112 oratorum
1025 3060 1144 3114 actione

126 3162 183 3204 nu,
207 3142 251 3194 Sit
280 3139 344 3195 licet
372 3141 475 3196 inlello
504 3140 611 3215 pollice
656 3142 764 3198 ostendi
786 3141 884 3196 solitus
907 3143 1015 3208 suerit,
1045 3143 1144 3199 multo

128 3225 211 3280 trtrbn
228 3226 330 3279 minax.
364 3225 441 3279 Hinc
455 3226 556 3299 pollex
573 3227 612 3280 ita
655 3227 896 3287 minuaminum,
918 3227 1042 3282 eundem
1059 3227 1145 3282 luisse

47 3370 53 3379 ἐ
128 3307 343 3372 conformatus.
375 3310 460 3364 etiam
476 3310 529 3366 ubi
545 3308 613 3365 miti
655 3311 687 3365 in
709 3309 814 3367 habitu
843 3310 1041 3384 pacificatoria
1065 3311 1098 3369 h.
1120 3332 1146 3368 e.

128 3391 251 3464 negotio
268 3392 429 3456 inserviret,
447 3393 504 3450 hoo
517 3410 612 3448 tamen
660 3395 862 3468 componentis
908 3396 954 3448 sua
1000 3397 1148 3469 gravitate

129 3475 284 3549 epitheton
313 3479 444 3533 retinuit.
503 3481 617 3550 Spectat
660 3478 758 3534 turbas
772 3478 929 3553 popularet
943 3479 1148 3551 virialicujus

130 3577 228 3614 eutem
246 3561 304 3614 luic
317 3562 442 3616 maxime
457 3562 540 3617 locut
561 3563 616 3635 Ap·
660 3560 709 3617 vel
728 3563 869 3635 principis
890 3561 939 3617 vel
961 3564 1062 3627 ducis.
1094 3563 1151 3638 qui

129 3645 226 3718 puleji
238 3646 356 3699 Metam.
370 3663 397 3702 2.
412 3666 441 3720 p.
456 3653 523 3716 124.
539 3643 616 3700 Elm.
660 3662 769 3701 terrore
792 3646 878 3701 etiam
895 3646 987 3703 malon
1009 3648 1147 3704 debebat.

135 3737 204 3797 142.
222 3727 357 3784 Oudend.
383 3729 617 3791 ..-[ube1·ectus
660 3731 699 3784 Et
721 3730 777 3785 hoc
799 3731 893 3803 igitur
917 3730 1035 3788 aliunde
1057 3733 1151 3788 nobit

131 3812 185 3873 ..in
200 3827 300 3867 torum
321 3812 450 3888 porrigit
471 3814 618 3868 dexteram
660 3815 797 3887 ignotum
814 3814 950 3870 discimus
967 3835 1002 3871 ex
1018 3817 1072 3869 hac
1088 3817 1150 3890 ipsa

133 3895 233 3956 „etad
248 3892 486 3968 instaroratorum
504 3897 620 3952 coulor·
662 3898 838 3970 Quintiliani
879 3897 1038 3964 relatione;
1096 3899 1150 3972 qui

132 3993 215 4042 „mat
239 3980 414 4040 articulum.
443 3980 618 4053 duobusque
662 3981 785 4036 eundem
815 3982 848 4036 in
872 3985 1039 4040 oratoribus
1064 3982 1150 4039 liabi-

132 4061 266 4125 „inlimit
281 4064 422 4123 conclusit
431 4063 531 4141 digitis
544 4080 619 4121 cete·
662 4080 725 4122 tum
743 4083 774 4121 ut
789 4067 878 4123 nimie
892 4085 1077 4144 arrogantem
1090 4067 1151 4122 im·
