2558 5236
134 784 138 796 ·
186 822 192 829 -
248 755 371 860 rusi.
397 790 605 864 muron:
633 793 725 865 me.
753 797 819 905 ιιι1
847 814 885 865 ι.
993 820 1080 891 299·

57 973 253 1080 perarate
276 977 496 1057 reddidisse.
535 932 538 940 Ι
564 977 630 1057 Est
648 996 782 1058 autem
800 963 943 1085 magna
958 953 1066 1080 inter
1084 1003 1123 1071 ιι

58 1109 239 1171 auctores
255 1093 449 1187 dissensio,
469 1097 674 1173 Glaucone
690 1095 884 1197 Carystio,
902 1125 952 1175 an
961 1105 1065 1230 Leo·

60 1328 101 1451 g
126 1311 313 1385 conjectura)
336 1313 441 1369 ordinis
464 1330 533 1369 eum
564 1309 629 1369 edd.
651 1310 770 1387 pollere.
796 1329 861 1411 aute
883 1314 984 1375 Burni.
1007 1271 1066 1376 icc.

47 1440 57 1457 ι
99 1415 183 1472 ΡΡΘῙ·

122 1492 332 1609 1406arystio·
354 1528 433 1589 Flor.
456 1531 558 1586 Guels.'
577 1532 648 1587 Exc.
672 1537 788 1589 Samen.
815 1504 945 1608 Cdrestio.
960 1556 967 1569 ··
991 1535 1066 1589 Mox

58 1615 214 1674 Leocronti
234 1617 312 1672 Flor.
328 1635 394 1671 cum
408 1616 488 1675 Voss.
507 1631 534 1672 2.
557 1612 734 1689 anogataclto
752 1619 848 1675 Guels.
863 1621 934 1674 Exc.
951 1622 1067 1687 senten·

53 1697 176 1776 [cleopae
196 1702 307 1763 iidem,
337 1699 475 1756 omuibus
495 1699 587 1765 lotia,
617 1702 670 1757 ubi
690 1702 778 1758 semel
798 1703 868 1774 (15)
887 1705 988 1761 Turio,
1003 1701 1066 1778 sed·
1183 1715 1190 1729 ⁸

24 1952 37 1963 ..
55 1886 163 1943 suerat.
220 1887 296 1942 Nam
320 1886 358 1941 sic
385 1901 413 1942 et
434 1886 536 1944 Cicero
578 1886 658 1953 lanis
691 1891 859 1964 cujusmodi
891 1889 930 1945 est
958 1889 1064 1952 Lucet.

22 1967 62 2037 ,’,
64 1971 158 2045 ,quod
172 1971 354 2031 meminisset.
366 1990 536 2044 quoeorum
578 1973 660 2030 Silae.
724 1976 872 2056 Equidem
893 1975 1003 2029 saevam
1025 1974 1064 2027 sa·

54 2054 144 2117 „loco
167 2058 291 2130 quiaque
315 2053 476 2132 cnlun'ffet.u
498 2056 534 2111 cs.
577 2080 613 2115 ne
646 2060 692 2115 sed
730 2058 912 2132 praesentem
942 2058 1063 2113 medidi-

54 2143 81 2214 §.
100 2155 129 2194 2.
150 2142 248 2195 ordine
262 2138 390 2212 Mefutaro
576 2165 643 2201 uam
666 2144 861 2200 adhibendam
885 2143 1001 2205 censeo,
1030 2157 1063 2198 ut

100 2223 452 2302 14.ma„na—-drffenso.
470 2226 535 2282 Nos
576 2230 720 2286 resecetur
735 2229 871 2302 Apollas.
898 2227 982 2284 velut
996 2245 1061 2302 per·

54 2311 173 2386 quidem
190 2311 302 2367 erudita
317 2310 398 2373 haec,
407 2311 533 2386 Jupiter,
576 2332 675 2391 peram
697 2311 854 2387 repetitum
873 2333 909 2368 ex
930 2308 1062 2384 eoquod
1109 2316 1110 2321 ’

55 2411 83 2450 et
102 2397 204 2470 ingena
220 2396 417 2450 controversia
438 2393 534 2456 latuit,
577 2398 928 2473 praeceditApollodorus.
942 2394 1062 2473 Schnei·
1113 2412 1121 2426 ·

52 2478 296 2549 intercidentibus
329 2498 446 2540 eorum,
483 2478 537 2551 qui
579 2483 665 2536 derue
683 2482 802 2555 quidem
818 2482 850 2534 in
864 2478 1067 2536 Addendiead
1126 2489 1127 2495 ’

52 2564 220 2637 agitaruut,
271 2563 536 2617 Grammaticorum
579 2564 666 2621 Polit.
683 2563 846 2619 Aristotelia
862 2563 905 2639 (p.
918 2579 974 2634 491
981 2562 1063 2630 .·)de

54 2648 204 2721 operibua.
255 2647 336 2721 Quot
360 2664 426 2700 eum
450 2663 537 2718 agno·
581 2647 718 2702 monstrat
740 2645 876 2720 Apollam
897 2647 1064 2718 scriptorem

54 2731 165 2786 scamus
195 2729 369 2805 pleroaque.
412 2727 538 2784 Alexan·
582 2731 659 2805 apud
685 2730 865 2802 Athenaeum
891 2749 920 2804 9.
945 2749 974 2804 p.
992 2720 1064 2800 569,

55 2815 138 2871 drini
162 2812 244 2869 illiue
271 2814 362 2867 musei
387 2813 537 2874 alumnoa,
582 2816 730 2885 adjuncto,
745 2832 798 2888 qut
788 2811 1066 2887 correctionepos·

53 2880 210 2973 negotium
224 2916 319 2954 tamen
334 2898 538 2953 lacessuutlsu·
578 2893 616 2955 sit
639 2901 742 2954 eodem
763 2897 875 2973 redigi,
910 2896 1013 2972 Apella
1037 2912 1067 2951 ι.

54 2983 180 3058 rypylua
210 3000 238 3038 et
261 2980 380 3056 Apollas
402 2980 538 3037 Callima·
580 3004 608 3059 p.
626 2984 674 3051 65,
691 2984 845 3056 suadetque
867 2999 916 3038 aut
929 2981 1066 3054 Apellam

54 3069 137 3125 chuc.
183 3069 318 3141 Quorum
340 3067 447 3139 prioris
461 3066 538 3121 uoti·
582 3069 792 3126 callimachum
814 3069 898 3124 scribi
914 3082 963 3120 aut
977 3065 1065 3120 inseri

49 3149 100 3209 tie
122 3154 186 3210 erui
213 3151 291 3228 poss'e
315 3151 435 3206 videtur
456 3148 537 3204 uulla
580 3168 617 3218 at,
634 3173 706 3226 quae
723 3152 781 3225 jem
792 3150 987 3225 Bentlejisuit
1003 3169 1063 3204 me·

53 3237 112 3308 (os.
131 3258 184 3300 ro,
201 3237 236 3298 6.
255 3239 317 3306 4.);
341 3233 461 3290 alteriue
484 3253 537 3289 no·
581 3239 687 3293 dicina.
748 3237 939 3292 Posteriorem
974 3235 1064 3290 ratio·

54 3343 121 3378 men
151 3324 172 3392 si
195 3321 340 3378 diversum
364 3319 402 3375 est
425 3316 537 3375 abillo
580 3342 648 3379 netu
661 3321 819 3395 prohibere
835 3322 964 3382 videtur,
985 3317 1067 3393 quod

55 3405 200 3462 clariffimi
221 3422 341 3482 poetae,
363 3403 449 3481 plane
463 3402 539 3457 ludi·
581 3406 798 3463 nonnil'tunum
813 3403 1066 3475 hominemQuin·

54 3491 160 3548 ficetur
175 3511 228 3546 noa
246 3491 332 3552 casus,
354 3508 421 3544 cnm
436 3488 538 3542 Suidaa
583 3490 687 3546 tiliano
728 3490 912 3545 obversatum
951 3487 1067 3544 testatur

55 3579 105 3642 (v.
137 3573 309 3643 Σιμωνίδης)
348 3570 538 3635 Callimachi,
581 3574 658 3630 illud
675 3575 755 3648 quod
772 3575 887 3644 subjicit
902 3590 1065 3648 pronomen

41 3681 144 3736 [quem
166 3661 266 3715 diserte
290 3661 473 3732 Cyrenaeum
488 3657 539 3712 vo·
582 3681 669 3733 quern.
703 3659 833 3714 Alteram
855 3656 1065 3714 difficillimam

56 3745 295 3818 eatepigramma
312 3743 421 3807 afferat,
437 3743 539 3815 inquo
581 3745 707 3800 reddunt
737 3744 834 3800 relicti
865 3743 951 3798 uobis
974 3741 1066 3796 hodie

55 3827 134 3884 illud
151 3829 242 3902 ipsum
259 3828 404 3901 proditur,
428 3828 539 3900 dequo
581 3832 680 3884 versun
694 3839 797 3903 poetae
812 3827 970 3903 Cyrenaei.
992 3844 1065 3900 quo·

55 3912 108 3968 lrie
124 3913 185 3987 agit
199 3912 255 3983 Qu.
264 3911 455 3988 Vidsragm.
475 3910 542 3966 Calo
581 3934 650 3991 rum
671 3933 731 3968 non
758 3913 919 3969 meminisse
941 3911 994 3964 vix
1015 3927 1067 3980 po·

56 3995 120 4054 lim.
138 4012 188 4065 γι.
209 3994 264 4051 ubi
283 3995 437 4052 rectissima
453 3998 539 4051 Beut·
582 3995 641 4053 tuit
664 4001 719 4069 Qu.
745 3997 843 4055 Doleo
867 3994 945 4052 nihil
960 3994 995 4046 de
1012 3991 1066 4045 luc

55 4079 132 4154 lejne
155 4079 256 4136 locum
280 4078 366 4136 illum
382 4102 398 4136 a
414 4082 471 4154 Qu.
491 4078 540 4135 de·
584 4080 750 4137 difficultate
764 4083 916 4158 proditum
931 4098 946 4131 a
963 4074 1066 4130 doctis·

56 4164 212 4222 monstrari
227 4180 335 4221 monet.
378 4165 540 4241 Nequ'erta·
583 4167 663 4222 simia
691 4167 766 4222 viris
799 4165 922 4222 Dukero
957 4175 985 4215 et
1009 4178 1067 4214 vnn

56 4271 126 4307 mon
152 4250 309 4322 quiequam
334 4249 471 4307 inventur
503 4250 542 4305 est
583 4252 680 4306 Goena
703 4252 737 4306 in
762 4249 959 4317 dissertatione
984 4242 1067 4298 illiue

56 4353 201 4397 veterum,
218 4353 271 4408 qur
262 4333 541 4411 hoeeognominie
584 4335 643 4390 hoc
665 4336 791 4410 praefide
816 4331 943 4394 defensa,
976 4329 1009 4383 de
1026 4330 1094 4383 Si··

12 4435 15 4439 ’
57 4416 225 4505 imponeret
246 4416 437 4475 Callimacho.
473 4417 544 4476 Olet
585 4422 696 4474 nrouide
715 4420 791 4488 Trai.
808 4416 912 4472 adlllt.
932 4411 1020 4482 1768.
1039 4428 1067 4481 4.

59 4521 154 4560 autem
183 4501 260 4559 illud
288 4501 373 4577 plane
396 4503 544 4577 Syriacam
586 4502 728 4560 Glaucum
750 4503 913 4576 carystium
941 4496 1067 4554 celeber·

59 4589 216 4646 nominum
238 4605 372 4645 veterum
394 4604 544 4664 corrupte·
587 4589 700 4645 rimum
730 4587 869 4644 athletam
896 4584 966 4642 vide
992 4582 1069 4660 apud
