2558 5236
227 311 337 400 sec,
467 304 990 398 nr,rsn.oumruun1

227 512 294 574 rut
312 493 499 570 transitus
524 487 758 594 p'ostnlabit:
785 495 923 592 utqui
949 490 1115 592 lingulis
1138 497 1231 596 pin·

225 625 372 688 xerunt
390 606 602 695 coloribus,
621 608 695 680 alin
712 623 843 682 temen
858 610 1131 698 eminentiora,
1154 613 1233 685 alie

229 724 453 803 reductiora
465 720 656 822 fecerunt,
673 720 757 796 line
773 748 856 821 quo
870 748 922 797 ne
938 724 1125 799 membris
1140 728 1233 824 qui·

173 843 216 920 47
228 842 323 918 dem
336 837 423 915 snas
438 838 563 912 lineas
579 834 780 935 dedillent
828 842 1101 937 Proponamus
1122 842 1232 915 enim

227 957 345 1034 nobis
366 952 472 1028 illud
492 953 697 1029 Ciceronis
722 955 768 1027 iu
790 955 973 1028 oratione
996 954 1231 1030 nobilillrma

118 1092 121 1101 '
226 1096 303 1176 pro
327 1069 486 1146 Milone
511 1069 777 1180 principium,
826 1095 961 1145 nonne
983 1067 1034 1141 ad
1057 1067 1229 1169 lingulas

197 1218 203 1239 ⁴
227 1210 352 1291 paene
375 1181 665 1270 distinctiones,
695 1186 878 1282 quemvis
903 1185 948 1257 in
964 1183 1102 1258 eadem
1117 1182 1228 1274 facie,

120 1353 124 1362 -
225 1319 359 1379 tamen
373 1295 482 1399 quali
496 1305 632 1372 vultus
650 1298 867 1373 mutandus
878 1296 959 1371 est?
973 1292 1064 1405 Etsi
1076 1325 1228 1389 vereor,

191 1440 193 1444 ·
220 1400 381 1518 iudices,
410 1440 457 1486 ne
473 1428 588 1508 turpe
600 1404 666 1519 fit,
686 1437 761 1511 pro
765 1401 984 1520 fortiffimo
999 1419 1088 1489 viro
1104 1416 1229 1491 dicere

173 1552 213 1613 48
229 1535 465 1628 incipientem
505 1529 647 1600 timere.
720 1526 880 1601 Etiamli
906 1544 990 1604 toto
1024 1528 1227 1629 proposito

229 1659 473 1722 contractum
496 1656 614 1739 atque
638 1639 904 1733 summillum,
932 1646 1026 1741 qnia
1051 1661 1090 1718 et
1117 1671 1228 1720 exor-

228 1761 343 1836 dium
357 1755 425 1844 est,
451 1772 489 1830 et
504 1753 664 1831 solliciti
681 1755 913 1833 exordiumt
943 1773 1075 1834 tamen
1094 1757 1229 1849 fuerit,

95 1864 98 1871 ¹
187 1870 191 1877 ⁴
225 1870 375 1953 necelle
400 1868 474 1960 est,
501 1870 656 1970 aliquid
673 1872 834 1974 plenius
858 1888 898 1947 et
917 1877 1103 1963 erectius,
1133 1894 1229 1951 cum

226 1975 342 2079 dicit,
376 1990 458 2064 Pro
474 1973 694 2094 fortrffimo
713 1990 823 2078 uiro,
851 2013 974 2089 quam
999 2014 1110 2081 cum,
1139 1985 1231 2102 Etfi

290 2245 339 2308 47.
361 2233 538 2312 nobiliffima.
563 2235 662 2290 Truic.
678 2236 756 2293 Flor.
773 2235 917 2314 noviffima
940 2257 1006 2293 cum
1023 2237 1100 2293 Alm.
1134 2242 1227 2296 Modo

226 2327 326 2400 camp.
349 2325 561 2394 Praeponam
590 2324 647 2377 Pro
658 2320 736 2395 jacie
755 2321 836 2377 idem
848 2323 943 2397 facile.
965 2321 1042 2380 Flor.
1060 2340 1159 2380 autem
1173 2344 1227 2401 pro

222 2413 330 2482 iudices
346 2409 394 2463 dat
405 2405 486 2462 vidie.
569 2450 587 2465 ,,
604 2428 630 2471 ‚e

289 2551 340 2614 48.
362 2537 484 2613 Etiamfi
496 2554 567 2596 toto.
590 2539 637 2594 stc
656 2541 756 2615 Camp.
773 2544 857 2595 etiam
874 2538 1227 2599 totoTu1·ic.Flor.cum

223 2628 302 2686 Alm.
344 2623 464 2698 Reliqui
490 2624 620 2679 inserunt
644 2620 689 2697 est.
739 2625 811 2678 Mox
836 2623 1002 2702 conimiffum
1026 2627 1127 2683 Turic.
1150 2627 1227 2684 flor.

225 2715 325 2787 camp.
339 2728 406 2765 cum
421 2708 497 2765 Alm.
521 2710 577 2763 Pro
594 2711 658 2782 quia
672 2709 772 2765 Turio.
786 2708 864 2765 Flor.
878 2731 958 2786 quae,
973 2710 1074 2771 Ambr.
1086 2727 1113 2768 2.
1132 2713 1227 2768 Guelf.

224 2819 288 2876 qua,
318 2797 417 2868 Camp.
436 2793 520 2870 quod.
561 2793 723 2848 Postremus
747 2793 896 2849 camedel.
919 2810 982 2848 ente
1002 2795 1066 2850 ΑΜ.
1082 2796 1144 2870 post
1160 2816 1227 2851 con·

222 2882 405 2959 junctionem
426 2879 538 2934 omittit
556 2892 592 2938 et.
612 2877 696 2935 mele.
891 2899 950 2933 cum
968 2879 1044 2933 dicit.
1068 2882 1116 2936 Sic
1129 2882 1226 2936 Turio.

266 3100 449 3152 eminentiora
469 3125 511 3138 -
539 3096 703 3151 reductiora.
746 3094 847 3149 vultus.
891 3095 1016 3169 Egregie
1044 3113 1072 3153 et
1101 3101 1227 3154 maxima

222 3183 280 3238 nis
307 3179 481 3234 illustrandis
510 3194 624 3254 praeter
649 3179 705 3232 alia
747 3197 813 3233 curn
840 3180 1015 3252 proprietate
1039 3202 1227 3257 opponuntur

222 3267 322 3321 minus
344 3265 463 3337 proprie
487 3262 607 3319 adhibet
630 3264 703 3316 Bur·
740 3260 831 3334 facies
847 3278 876 3316 et
888 3264 979 3317 vultus
991 3265 1097 3339 (magis
1108 3268 1226 3341 quidem

221 3366 345 3405 mannus
367 3360 462 3412 2,17,
489 3364 535 3402 21.
561 3365 619 3419 qno
635 3344 702 3400 loco
747 3366 832 3420 quam
837 3345 920 3418 frons
931 3365 959 3401 et
967 3347 1058 3421 jacies
1074 3360 1102 3416 4,
1119 3355 1226 3424 nnn),

223 3437 341 3490 eminere
364 3446 392 3485 et
415 3432 539 3485 recedere
565 3431 703 3485 dicuntur
745 3431 866 3509 orbino,
888 3433 1073 3503 quodmmen
1087 3435 1227 3495 nonadeo

151 3584 154 3591 ἱ
222 3517 363 3595 quaedem
393 3516 426 3571 in
449 3535 536 3591 opere
562 3514 684 3588 pictoris
693 3534 701 3577 3
744 3516 943 3576 manifestum,
967 3519 1013 3570 lue
1038 3518 1072 3571 de
1095 3520 1174 3574 vultu
1199 3535 1226 3574 et

221 3605 293 3660 item
316 3591 450 3655 Philost'r.
471 3601 503 3654 in
521 3601 582 3654 vite
604 3598 700 3674 Apoll.
739 3597 817 3671 facie
840 3601 964 3654 lumlille
979 3601 1092 3659 Vellem
1110 3602 1237 3677 (Elegg.'

223 3703 252 3749 n,
269 3702 318 3742 20.
333 3684 363 3738 ri
381 3682 633 3758 ιὶσὶχονεῑέξῦχον,
649 3682 703 3738 ubi
744 3692 774 3752 4,
795 3696 839 3750 ¹3·
856 3702 885 3758 p.
901 3688 987 3752 315·)
1002 3687 1159 3762 suspicatur
1173 3691 1224 3742 Ba·

223 3768 359 3828 Olearia·
378 3771 475 3825 nostro
491 3785 587 3825 utetur
608 3768 657 3835 (cl.
672 3776 701 3834 8,
745 3765 822 3822 dius.

224 3867 260 3922 5,
293 3847 372 3927 29.).
400 3855 532 3909 Picturee
560 3849 702 3907 vocabula
787 3859 837 3921 48.
861 3868 1030 3909 conuectum
1052 3846 1136 3930 atqie
1148 3853 1224 3930 snm·

220 3936 392 4013 peritiffime
414 3939 578 4014 usurpavitz
614 3936 650 3991 cl.
671 3945 700 4002 8,
744 3935 857 4009 missum.
880 3939 938 3992 Hic
953 3940 1040 3994 verba
1054 3959 1147 4015 prope
1162 3941 1224 4013 lyn-

218 4030 251 4090 '3,
268 4033 317 4088 25.
744 4040 859 4094 onymr.
894 4024 990 4077 Aliter
1017 4025 1152 4100 usurpate
1180 4025 1223 4079 ln·

266 4106 701 4203 nducadempecietemm*
741 4125 795 4184 pre
812 4125 857 4171 ιι.
876 4125 903 4173 r,
920 4116 970 4180 45.

666 4429 675 4459 1
