2558 5236
40 236 45 245 ,
104 308 107 313 ·
212 309 286 378 ιω
454 286 985 389 n.ran.qo11tr1n1an1
1039 339 1042 343 .

213 480 514 558 sententiolisne
541 477 722 553 flendum
755 480 856 553 erit?
915 477 1235 578 epiphonemata

156 602 159 609 '
215 613 282 673 aut
302 598 595 695 enthymemata
615 593 862 670 exorabunt?
898 595 997 668 Non
1021 593 1233 695 quidquid

213 714 336 787 meris
373 711 580 803 adjicietur
618 704 843 796 affectibus,
903 733 1049 783 omnes
1090 735 1235 787 eorum

147 905 156 919 Ι
213 825 346 900 diluet
370 828 486 911 vires,
517 840 556 898 et
581 823 875 898 miserationem
899 821 1122 900 securitate
1137 828 1237 901 laxa·

155 941 300 1017 nebit?
337 944 439 1040 Age,
472 938 575 1014 [ide
599 956 729 1015 morte
750 937 829 1012 filii
852 936 933 1027 sui,
973 941 1045 1014 vel
1070 940 1235 1034 injuria,

212 1044 318 1158 qnae
330 1042 459 1132 morte
471 1053 520 1129 sit
535 1056 705 1154 gravior,
735 1052 951 1135 dicendum
975 1057 1086 1153 patri
1100 1054 1236 1146 fuerit,

215 1173 350 1247 autin
374 1170 572 1247 narrando
602 1173 764 1268 gratiam
803 1170 915 1242 illam
951 1168 1234 1269 expositionis,

214 1311 318 1386 quae
344 1287 546 1384 continget
576 1309 624 1356 ex
644 1283 824 1359 sermone
852 1309 958 1384 puro
974 1301 1104 1385 atque
1130 1287 1235 1365 disu-

216 1401 321 1489 cido,
351 1417 532 1499 quaeret,
561 1400 736 1472 breviter
758 1424 801 1471 ac
822 1396 1103 1498 significanter
1129 1403 1233 1481 ordi·

214 1540 311 1590 nem
335 1518 395 1589 rei
415 1510 616 1613 protulisse
642 1530 871 1603 contentus,
902 1529 971 1589 aut
993 1537 1234 1616 argumenta

215 1627 381 1704 diducet
398 1629 442 1703 in
457 1628 621 1728 digitos,
652 1643 690 1701 et
705 1627 1030 1729 propositionum
1050 1658 1099 1707 ac
1117 1637 1233 1736 parti·

283 1918 331 1976 52.
347 1908 474 1980 flendum
489 1910 548 1961 erit.
571 1906 671 1962 Turio.
691 1907 769 1963 Flor.
789 1906 816 1985 f.
834 1912 945 1985 operuit
966 1929 1038 1967 cum
1055 1914 1142 1971 Alm.

281 1995 505 2069 epiphonemata.
528 1992 630 2047 Turio.
654 1994 837 2067 epiphoneua.
913 2041 917 2052 .
1003 2004 1101 2056 meris.
1136 2005 1229 2060 Turia.

211 2077 292 2135 Flor.
314 2078 376 2146 (iric
400 2099 414 2130 a
437 2096 481 2152 pr.
508 2077 563 2148 m.)
593 2079 697 2132 meritis
724 2098 790 2132 curn
812 2078 890 2132 alm.
913 2080 990 2137 Mox
1017 2083 1119 2140 iidem
1144 2089 1229 2160 (Hor.

212 2166 243 2231 (a
259 2182 304 2238 pr.
317 2164 374 2238 m.)
399 2180 532 2218 errorum.

282 2343 331 2400 53.
360 2347 481 2408 quaeret.
508 2332 608 2388 Turio.
635 2331 714 2388 Flor.
753 2337 783 2400 (a
803 2355 848 2409 pr.
868 2337 924 2408 m.)
961 2351 1009 2399 et.-
1039 2338 1119 2399 aiter
1139 2346 1229 2422 super·

213 2417 353 2491 scriptum
375 2417 504 2470 nostrum
526 2417 633 2477 iterum
656 2417 737 2473 tollit
757 2439 876 2475 amana
903 2434 932 2487 5.
961 2424 1069 2480 Turio.
1089 2448 1152 2503 pro
1172 2452 1229 2488 oon·

214 2504 307 2572 cinget
335 2499 425 2553 modo
456 2503 604 2572 contingen
668 2541 677 2564 ‚
701 2519 730 2556 et
750 2502 857 2558 horum
881 2520 1004 2580 uterque
1030 2529 1111 2566 mox
1143 2538 1158 2569 r

213 2581 307 2657 tuliffe
328 2578 420 2660 (ltor.
446 2606 475 2635 re
497 2581 654 2658 pertusiffe,
690 2584 748 2639 hoe
770 2607 835 2640 cum
860 2590 955 2646 Guetf.
981 2592 1077 2650 Goth.
1106 2599 1187 2657 Voff.
1204 2616 1228 2658 α,

215 2668 316 2737 Canrp.
340 2685 399 2719 non
414 2667 501 2731 Jens.)
523 2664 668 2740 contestus,
691 2669 736 2723 tal
752 2671 830 2728 Flor.
854 2693 929 2746 apr.
946 2692 1064 2731 tantum
1079 2701 1182 2742 manu.

279 2750 391 2803 diducet
421 2753 450 2803 in
477 2752 590 2824 digitos.
620 2753 719 2808 Turie.
751 2755 829 2812 fior.
870 2758 949 2812 ducet
972 2764 1001 2814 in
1024 2763 1136 2824 dicitas
1169 2788 1229 2826 eum

211 2833 290 2893 Asm.
303 2835 335 2889 iu
352 2854 397 2909 pr.
414 2854 496 2889 voce.
520 2837 594 2889 dicct
608 2839 626 2892 i.
642 2838 669 2892 d.
693 2838 789 2894 Guelf.
814 2845 887 2896 Exc.
910 2847 989 2901 sna.

257 3070 481 3143 epiphonemata.
512 3069 628 3124 Habent
644 3068 695 3123 illa
739 3071 971 3134 danteslserald.
991 3080 1230 3145 animinseln.
1264 3114 1267 3125 ·

212 3153 363 3226 superbiae
408 3169 435 3204 et
470 3151 595 3206 ferociae
636 3155 696 3227 spe·
741 3167 768 3222 5,
796 3168 841 3225 13,
870 3171 914 3224 ¹5·
939 3164 1041 3217 Burm-
1061 3171 1100 3223 ad
1119 3174 1229 3232 Peteon.

213 3238 298 3298 ciem,
325 3233 418 3307 quasis
434 3236 471 3288 est
490 3235 521 3287 in
536 3232 591 3290 illo
607 3237 697 3293 Milo·
739 3260 761 3293 c.
774 3246 1178 3314 25.Luciau.Diai.Deor.6
1193 3280 1232 3335 pr.

211 3318 398 3391 nian0‚quod
413 3319 498 3392 ponit
512 3320 606 3375 noster
622 3333 649 3390 3,
668 3334 696 3388 5,
740 3324 792 3377 ubi
814 3325 941 3401 ὀβριστὴς
964 3333 1068 3392 Ixion.
1096 3355 1128 3394 et
1144 3344 1233 3401 „osta

215 3425 266 3461 ιι.
289 3421 348 3477 qno
362 3420 391 3457 et
415 3404 476 3476 ipso
492 3402 560 3459 loco
576 3408 698 3477 conjun-
739 3428 811 3462 mox
835 3417 860 3483 a.
880 3423 929 3483 84.
958 3418 1098 3480 Pertinet
1122 3444 1160 3481 eo
1182 3428 1234 3485 hoe

210 3490 293 3563 gitur
314 3507 380 3541 curn
398 3489 603 3560 enthymemate
624 3495 649 3561 ᾖ.
668 3509 695 3561 9.
739 3511 873 3567 quoquc,
917 3500 999 3571 qnod
1023 3500 1187 3582 stupratur
1206 3512 1235 3591 [ι

209 3575 316 3646 Neque
334 3573 696 3635 enim,utcontinnohic
731 3576 896 3650 Juspemsr't,
942 3585 1041 3640 taedio
1067 3595 1157 3651 vitae
1179 3599 1236 3674 pos

209 3657 694 3727 testaturQu.,re1nitsa‹·thumi·
727 3677 849 3716 -tanturn
869 3665 1002 3730 dedecus,
1029 3685 1062 3737 7,
1090 3689 1122 3744 4,
1147 3692 1202 3754 42,

207 3738 245 3796 lis
262 3741 355 3795 oratio
373 3742 471 3794 deceat
485 3762 568 3800 curn.
592 3742 644 3812 qui
658 3744 694 3796 de
783 3760 832 3813 53.
854 3754 946 3803 autin
964 3763 1118 3818 narrando
1134 3782 1238 3824 -..ι

208 3825 306 3899 liupr-o
322 3826 410 3880 marie
425 3825 625 3897 conqueritur.
654 3828 695 3879 Ea
738 3848 900 3902 argumenta
914 3836 1036 3895 diducet.
1048 3844 1174 3910 Badius
1187 3871 1238 3929 pm

209 3909 247 3962 cst
270 3912 374 3977 injuria
402 3924 489 3961 morte·
511 3911 633 3979 grauior,
659 3910 693 3963 de
736 3914 795 3968 istis
821 3932 869 3970 urrc
890 3918 1050 3991 legendum
1077 3939 1183 3995 censet
1206 3958 1238 3993 ιι

208 4012 264 4067 qua
288 3992 401 4066 aliquid
425 3993 460 4045 ad
487 3991 567 4045 hunc
593 3991 693 4046 locum
737 4000 903 4073 utrobique.
947 4007 1106 4078 Equidem
1140 4025 1240 4097 priore

206 4093 358 4152 exponunt
370 4079 470 4132 Burru.
491 4092 518 4132 et
536 4077 616 4133 (iesu.
631 4075 693 4131 lau·
736 4096 846 4137 tanttnu
869 4086 946 4153 loco,
971 4091 1026 4150 ubi
1049 4105 1185 4173 parim}
1205 4128 1240 4165 η
