2558 5236
199 344 279 434 4³⁶
354 331 358 339 ’
431 335 488 408 Μ.
515 335 617 406 nnn.
645 330 959 427 poinnnnnt
1067 405 1076 434 ,

201 526 325 608 versis
340 520 534 598 subselliis
551 518 720 608 sedenti,
749 517 1096 595 contumeliosum.
1131 523 1214 596 Re·

205 643 345 721 olinari
370 642 487 714 etiam
514 636 563 711 ad
586 631 696 722 suos,
731 650 769 708 et
798 635 982 710 manibus
1005 633 1214 725 sustineri,

85 796 94 804 ·
206 757 283 836 nist
300 749 536 858 planejusta
559 746 808 848 fatigatione,
835 749 1066 840 delicatum3
1106 749 1212 826 licut

150 876 337 978 mpalam
355 868 529 954 moneri,
554 863 786 952 excidentis,
817 881 884 939 aut
898 867 1036 963 legere.
1058 868 1212 940 ’Νεω-

208 1013 287 1090 que
311 989 355 1061 in
375 985 438 1058 his
465 981 652 1057 omnibus
678 996 717 1054 et
742 982 803 1057 vis
826 982 894 1053 illa
911 977 1213 1055 dicendisolvi·
1249 1067 1252 1071 ¹

161 1125 163 1130 '
208 1123 296 1190 tur,
320 1116 359 1174 et
374 1093 545 1196 frigescit
561 1090 741 1182 affectu5‚
770 1111 809 1167 et
830 1094 950 1187 judex
971 1120 1112 1192 parum
1135 1094 1212 1169 libi

207 1213 393 1324 praestari
415 1211 656 1287 reverentiae
679 1209 813 1282 credit.
872 1190 1065 1283 Transire‘
1081 1210 1127 1284 in
1152 1201 1232 1283 di·'

207 1329 321 1409 versa
336 1324 529 1413 subsellia,
546 1349 689 1423 parurn
708 1322 980 1399 verecundum
999 1339 1066 1398 est.
1106 1327 1214 1398 Nam

211 1462 252 1524 et
266 1440 413 1524 Cassius
423 1445 591 1516 Severus
607 1439 757 1514 uebane
773 1434 957 1513 adversus
972 1439 1051 1515 hoc
1066 1437 1215 1514 sacien-

158 1586 161 1590 ·
212 1578 294 1639 tem
315 1561 437 1633 lineas
456 1549 647 1655 poposcit.
706 1558 755 1628 Et
780 1551 812 1627 s1
840 1554 1056 1653 aliquando
1082 1558 1216 1631 conci·

214 1822 317 1888 fiesn.)
334 1839 349 1872 e
365 1819 459 1893 prime
476 1835 573 1869 manu.
596 1817 624 1868 in
642 1811 757 1888 sedente
772 1813 994 1890 contumeliosum
1010 1813 1048 1890 est
1066 1819 1130 1872 recl,
1148 1817 1214 1874 Flo.

212 1906 261 1965 rit
284 1908 360 1958 Sent-
377 1901 487 1978 sedenti
506 1901 567 1968 jam
588 1913 659 1953 cont.
684 1897 783 1952 Turio.
801 1920 866 1954 cnm
882 1903 954 1960 Jens.
972 1919 999 1955 et
1014 1900 1078 1959 edil.
1095 1903 1214 1976 pollere.

212 2006 278 2047 ante
293 1987 361 2043 Bad.
389 1986 453 2042 Poll
467 1999 539 2039 cont.
556 1984 686 2037 inserunt
702 1977 738 2052 est
756 1982 903 2058 plerique,
927 2005 980 2039 nec
999 2002 1094 2040 tamen
1112 1990 1138 2040 T
1140 1989 1211 2042 urio.

212 2074 292 2131 Flor.
314 2072 414 2128 Ambr.
431 2085 458 2124 2.
483 2066 577 2123 Guelf.
594 2068 716 2121 resinctri
733 2068 832 2123 anic.
849 2067 926 2122 F'lor.
944 2070 1058 2123 resinari
1075 2071 1174 2125 Ambr.
1185 2085 1213 2127 2.

212 2159 346 2216 inclinari
354 2157 453 2229 Cnmp.
577 2149 759 2225 fatigatione.
768 2152 814 2205 ste
822 2172 912 2226 marg.
923 2153 1006 2209 Basil.
1017 2155 1137 2228 Reliqui
1142 2153 1214 2227 saei.

212 2245 293 2316 gotio
317 2238 371 2314 eft,
402 2239 457 2294 nisi
480 2237 560 2313 quod
577 2257 592 2288 ι
606 2236 680 2293 Jens.
704 2234 771 2289 inde
787 2252 850 2290 ante
865 2237 930 2290 nld.
948 2240 1090 2293 omittunt
1104 2235 1141 2312 est
1157 2257 1215 2293 ace,

211 2326 296 2382 Basrt
324 2325 477 2398 deligatum
498 2319 552 2397 nrfi
573 2320 670 2394 palam
693 2320 791 2374 Turio.
816 2320 893 2376 lior.
919 2324 945 2376 d.
966 2321 1057 2395 suerit
1084 2345 1112 2396 p.
1142 2323 1215 2380 θὴς.

211 2410 368 2468 excedentis
384 2411 483 2482 Camp.

281 2520 351 2575 ¹55·
386 2524 412 2562 et
435 2510 530 2563 vis-
541 2504 670 2581 solvitur.
700 2505 778 2562 Flor.
807 2520 834 2561 et
862 2505 912 2559 illa
938 2520 998 2561 tuas
1026 2508 1215 2583 desolentur.

213 2594 318 2649 Fateor
335 2591 487 2665 displicere
503 2589 582 2646 mihi
595 2607 755 2665 receptam,
777 2610 842 2645 cum
860 2594 902 2644 vis
918 2593 968 2645 isla
984 2613 1086 2666 perum
1103 2612 1216 2647 accom-

213 2676 330 2731 modate
344 2676 473 2737 dicatur,
498 2675 607 2750 quippe
623 2675 658 2728 de
675 2696 730 2748 qun
744 2674 822 2728 nihil
836 2696 929 2748 nequo
949 2677 997 2730 hic
1012 2678 1101 2732 tuerit
1115 2678 1217 2752 diupu-

214 2776 307 2815 tntum
329 2780 422 2834 neque
447 2760 486 2814 iia
509 2756 601 2831 vulgo
625 2759 763 2828 jactetur,
800 2775 832 2814 ut
854 2778 1017 2833 pronomen
1039 2762 1090 2815 ina
1115 2760 1215 2815 locum

213 2861 292 2900 recte
310 2860 433 2900 meatur.
477 2842 555 2915 Quid
579 2841 647 2896 insit
670 2842 747 2900 Flor.
770 2844 942 2917 scripturae,
965 2846 1012 2898 cui
1028 2845 1106 2899 nibil
1124 2843 1217 2900 simile

212 2929 246 2983 in
269 2930 369 2984 Turio.
391 2945 441 2984 aut
459 2927 552 2989 Alm„
573 2945 633 2981 non
651 2945 769 3003 exputo.
792 2950 815 2983 e.
832 2950 858 2982 v.
874 2931 892 2979 i.
907 2929 933 2980 d.
951 2927 1095 3003 resolvitur
1111 2931 1213 3003 Camp.

213 3031 281 3067 cum
294 3013 370 3068 voti.
391 3032 414 3066 ι.
432 3026 459 3078 3.
478 3027 506 3065 et
520 3011 584 3065 edd.
600 3012 740 3065 nnteBnd.
752 3011 881 3086 frigescit
894 3026 921 3066 et
937 3012 1063 3085 adfectus
1073 3014 1174 3070 Ambr.
1184 3029 1213 3070 2.

211 3100 367 3151 reverentia
381 3095 480 3149 Turic.
495 3093 572 3148 Flor.
587 3095 686 3150 Ambr.
697 3113 723 3150 2.
741 3099 770 3152 C.
786 3110 813 3149 et
820 3095 930 3169 severus
947 3098 1046 3151 Turio.
1063 3097 1142 3152 s'lor.

321 3177 469 3250 facientem
485 3178 581 3232 sinens.
606 3180 654 3232 Sic
677 3181 775 3237 Turic.
796 3180 872 3234 Flor.
897 3180 997 3238 Ambr.
1013 3196 1039 3234 α.
1059 3180 1234 3255 facientem·

213 3262 316 3317 lineam
324 3260 420 3322 Gueli.
431 3262 568 3332 jacientes
584 3263 753 3320 lineasVoss.
766 3278 794 3330 5.
818 3265 936 3337 Reliqui
945 3264 1083 3337 facientes
1098 3268 1220 3331 lineam

212 3345 290 3406 Mox
313 3349 496 3401 eoncitatetur
518 3368 657 3426 nunqnam
676 3348 775 3405 Turio.
797 3347 876 3405 flor.
898 3352 1035 3404 concitare
1058 3353 1111 3406 iter
1125 3353 1218 3409 Goth.

210 3432 280 3504 (tac.
301 3430 399 3504 Gelai)

136 3629 141 3640 ’
209 3629 625 3707 3‚1.proqunvetuslioreil
642 3628 697 3685 hie
733 3645 787 3685 tem
807 3632 896 3706 lineas
910 3631 1043 3706 poposcit.
1067 3636 1147 3708 Quae
1164 3634 1217 3692 hie

208 3716 234 3784 §.
257 3734 306 3790 9⁰·
332 3728 399 3783 125·
427 3718 540 3772 arivera
555 3712 690 3787 subsellia
733 3716 883 3775 dicuntur.
916 3718 1004 3770 lineas
1027 3719 1080 3773 esic
1101 3721 1131 3773 in
1155 3742 1216 3774 ain·

207 3800 273 3855 sunt
289 3799 317 3860 6,
338 3822 365 3862 1,
382 3803 431 3874 59.
451 3801 520 3853 item
538 3797 690 3872 adrierfnrii
729 3798 921 3872 phitheatris‚
944 3803 1049 3856 ferreas
1074 3824 1120 3858 ens
1143 3805 1216 3860 sedi·

206 3893 235 3950 5,
253 3899 281 3949 7.
295 3897 344 3949 32,
367 3885 411 3937 sed
434 3900 462 3938 et
483 3881 591 3953 diversa
612 3901 685 3936 mox
728 3882 767 3936 tia
784 3884 970 3946 dirimentes.
993 3887 1056 3942 satie
1078 3889 1217 3960 persuasit

201 3965 228 4031 ᾗ.
246 3981 314 4033 133.
332 3968 379 4021 De
394 3968 537 4022 excidente
549 3966 618 4019 vide
636 3987 683 4029 ιι,
727 3968 866 4022 Gesnerus
882 3970 957 4024 etad
972 3971 1099 4025 nostrum
1112 3971 1214 4028 locum

200 4060 232 4113 2,
259 4068 306 4124 ¹9·
725 4053 806 4104 etin
836 4051 981 4109 Thesauro
1009 4054 1144 4129 itemque
1175 4056 1213 4110 nd

244 4148 316 4204 155.
344 4133 475 4211 adversus
496 4131 678 4219 Irorjncien-
720 4134 803 4195 Van.
823 4138 857 4192 R.
872 4140 907 4194 R.
922 4151 951 4206 3.
970 4147 997 4204 5,
1014 4147 1042 4207 4.
1086 4141 1135 4197 Ne
1149 4141 1211 4216 igi·

485 4244 494 4281 p
564 4240 569 4249 .
