2558 5236
175 321 249 399 104
411 305 469 377 tn
496 307 599 377 aaa.
627 295 942 396 pumuntur

173 495 337 575 dicendi
356 492 661 596 praeferendus,
718 506 757 564 et
788 486 983 590 quentin
1012 506 1191 559 nurnero

174 628 358 701 veterum
386 613 516 687 locare
543 635 627 685 non
649 608 805 682 timeas:
845 604 912 677 hic
939 600 1194 684 concitatior,

96 758 101 765 ·
173 726 242 804 sed
255 716 299 803 in
315 752 408 803 curu
428 718 642 817 verborum
656 722 819 809 nimius,
843 734 882 792 et
895 712 1193 815 compositione

174 869 472 942 nonnunquam
521 840 702 939 longior,
768 851 808 910 et
862 831 1198 907 translationibus

174 984 319 1062 parum
335 950 532 1032 modicus.
564 960 684 1028 Erant
702 953 802 1026 clara
817 965 856 1022 et
871 970 1003 1044 nuper
1017 946 1196 1045 ingenia

111 1074 285 1158 uoNam
304 1090 343 1147 et
358 1071 571 1148 Trachalus
583 1071 822 1169 plerumque
836 1061 1036 1165 sublimis,
1053 1077 1100 1135 et
1116 1059 1200 1135 sitit

48 1224 57 1237 =
176 1205 334 1289 apertus
360 1185 452 1276 fuit,
479 1203 517 1261 et
545 1211 667 1284 quern
690 1184 794 1255 velle
819 1179 969 1278 optima
987 1176 1200 1253 crederes:

176 1304 336 1379 auditus
349 1320 479 1377 tamen
494 1306 629 1392 maior.
680 1298 789 1370 Nam
806 1310 846 1368 et
858 1293 983 1380 vocis,
1003 1309 1201 1391 quantam

174 1421 219 1495 in
244 1418 362 1495 nullo
398 1415 590 1511 cognovi,
625 1409 811 1498 felicitas,
843 1425 882 1482 et
910 1410 1202 1507 pronuntiatio

174 1534 244 1607 vel
258 1530 384 1607 lcenis
398 1523 620 1617 suffectura,
649 1541 689 1599 et
704 1525 836 1615 decor,
863 1524 1000 1611 omnia
1017 1523 1203 1626 denique

126 1828 130 1837 ·
178 1798 278 1855 Turio.
301 1794 381 1854 Flor.
401 1792 466 1870 (hic
486 1816 501 1849 a
523 1814 568 1870 pr.
590 1797 646 1864 m.)
669 1812 736 1849 cum
759 1793 836 1852 Alm.
862 1791 982 1867 Reliqui
1003 1793 1205 1866 praemittunt

176 1882 333 1939 verborum.
498 1882 598 1936 locare.
635 1880 735 1936 Turic.
765 1879 844 1933 Flor.
877 1880 906 1947 (a
926 1897 970 1951 pr.
995 1896 1039 1931 rn.
1061 1882 1203 1954 uterque)

177 1968 282 2028 litare,
307 1984 372 2021 cum
388 1964 464 2020 Alm.
490 1965 537 2020 led
559 1965 637 2021 Flor.
661 1984 676 2016 a
697 1966 749 2020 lec.
768 1963 875 2027 muare,
899 1978 928 2016 et
948 1963 985 2015 lic
1009 1962 1119 2020 Guell.
1141 1982 1205 2019 cun

177 2054 264 2109 Bern.
285 2068 314 2106 et
328 2050 392 2105 edd.
409 2050 479 2104 inde
500 2070 516 2102 a
532 2051 606 2110 Jenl.
620 2065 685 2104 ante
702 2049 767 2103 Ald.
786 2067 843 2103 acc.
858 2045 941 2101 Belil.
956 2048 1053 2102 Stoer.
1072 2048 1205 2105 ehouut

176 2137 258 2193 Leid.
293 2135 418 2210 aliisque
454 2135 531 2210 apud
559 2138 660 2190 Burm.
704 2135 749 2189 An
779 2133 918 2207 primitue
946 2129 1007 2203 fuit
1032 2135 1135 2189 uitare
1160 2130 1206 2189 vul

178 2225 316 2297 recitare?
525 2222 655 2276 modicus.
693 2219 793 2274 Turio.
824 2219 863 2288 (a
883 2235 928 2292 pr.
955 2216 1016 2284 m.)
1049 2218 1204 2275 modim

179 2306 276 2363 Gueli.
299 2308 423 2362 modicis.

247 2477 313 2530 ¹¹9·
337 2461 412 2513 Nam
439 2473 466 2513 et
489 2459 588 2514 Trach.
612 2459 713 2512 Turic.
738 2454 816 2510 Flor.
841 2453 905 2524 (hic
920 2473 935 2507 a
951 2472 996 2528 pr.
1011 2454 1073 2521 m.)
1101 2459 1205 2533 emp.

181 2544 323 2601 omittunt
337 2562 411 2603 num,
435 2562 503 2597 cum
518 2542 596 2597 llm.
641 2543 697 2595 Sed
714 2542 814 2614 (lamp.
831 2552 862 2594 ut
877 2544 946 2613 (pro
961 2558 1025 2592 nam
1043 2541 1100 2611 et),
1128 2540 1207 2619 quod

180 2626 267 2702 poffit
281 2624 445 2700 placerent
461 2627 571 2679 vitetur
586 2626 705 2679 iteratio
721 2624 828 2678 horum
838 2624 914 2678 Nam
929 2622 1024 2677 atltae
1041 2629 1070 2696 ᾖ.
1080 2642 1115 2682 et
1140 2640 1207 2693 ²¹⁷·

183 2711 239 2765 sed
266 2709 302 2764 cf.
329 2726 391 2763 not.
412 2730 493 2784 exeg.
517 2711 552 2763 ad
575 2715 600 2781 §-
627 2722 675 2775 25.
701 2708 751 2764 26.
934 2721 1058 2782 apertus.
1099 2710 1205 2767 Turio.

182 2795 284 2869 Camp.
299 2806 382 2868 aptus
397 2814 463 2849 cum
477 2794 562 2850 Bodl.
579 2792 671 2848 Andr.
810 2792 900 2848 decor.
916 2791 1017 2847 Turio.
1033 2799 1065 2862 (a
1080 2796 1141 2851 [ec.
1155 2796 1210 2865 ιιι)

182 2998 285 3053 tricem
308 2998 397 3055 etiam
419 3000 563 3054 virtutem
572 2998 669 3076 *refert
711 2999 962 3074 Regiomontanut
1001 2995 1077 3053 olim
1118 2999 1207 3059 eccle

181 3083 213 3136 in
230 3083 452 3138 Schediaunate.
711 3084 818 3143 nastes.
843 3078 987 3154 erantiue
1004 3085 1146 3141 nomine.

225 3167 326 3222 locare.
357 3167 426 3221 vide
442 3184 502 3224 not.
519 3170 583 3225 crit.
754 3168 826 3223 vella
842 3171 959 3241 optima.
994 3166 1062 3238 Quo
1079 3168 1146 3226 lroc
1161 3190 1209 3247 ep·

230 3270 299 3322 ¹¹9·
327 3252 485 3306 Trachalus.
509 3256 577 3309 vide
597 3255 624 3319 6,
639 3269 668 3321 3,
713 3255 855 3309 timorum
890 3250 1015 3307 studium
1047 3250 1207 3324 pertinaci

183 3347 233 3405 78.
258 3335 577 3411 Conferendofiugula‚
596 3360 669 3414 quae
712 3342 759 3393 An
785 3337 820 3390 ad
850 3356 941 3409 genua
974 3334 1097 3391 dicendi
1131 3338 1208 3415 epti·

183 3420 423 3483 demonstrantur,
434 3420 496 3477 loca
509 3425 668 3499 apparebit,
713 3417 822 3475 mum?
847 3419 968 3493 Qualem
990 3419 1130 3485 vidimus
1152 3408 1207 3479 bi·

121 3501 124 3505 ’
182 3498 347 3560 Trachalui
361 3524 540 3582 quantopere
561 3508 669 3563 debuc·
713 3526 780 3560 nam
805 3522 931 3560 mentem
956 3519 995 3567 2,
1021 3520 1077 3566 ια.
1107 3520 1156 3563 12.
1180 3522 1209 3565 u

182 3588 223 3644 rit
250 3588 341 3644 lectue
375 3590 543 3647 descendere
565 3593 600 3648 ab
623 3610 669 3653 co,
713 3608 784 3645 mox
807 3591 845 3645 cst
873 3595 899 3662 ᾗ.
927 3604 995 3645 122.
1025 3588 1064 3643 ad
1092 3595 1210 3665 optim

183 3670 277 3747 qualia
331 3675 488 3731 videbatur
543 3675 668 3730 auditne.
715 3675 885 3729 tendentium
904 3691 933 3730 et
948 3680 975 3749 §-
994 3685 1062 3741 ²5¹·
1086 3676 1209 3733 meliora

182 3757 262 3813 Tati·
286 3777 402 3833 patrum
424 3760 589 3815 nostrornm
609 3779 669 3812 mc·
713 3759 807 3813 vellet.
838 3758 940 3813 Malim
959 3774 1054 3813 umen
1069 3756 1122 3813 ltic
1138 3760 1209 3836 qni·

183 3843 277 3896 moria
295 3844 362 3905 init,
381 3864 467 3917 quem
488 3843 671 3916 eloquentiae
715 3843 780 3897 dem
807 3844 842 3896 ad
872 3843 1048 3898 honestatem
1071 3859 1101 3898 et
1132 3843 1211 3901 recti

185 3928 371 3982 Germanicae
403 3925 552 4001 exemplar
575 3926 672 3982 laudat
714 3947 843 3981 amoram
868 3927 992 3990 trahere,
1015 3926 1068 4000 qui
1091 3927 1127 3983 in
1150 3928 1213 3985 hot

184 4010 349 4067 fridericus
372 4030 493 4085 magnus
517 4012 548 4065 in
568 4007 671 4067 libello
716 4029 831 4066 oratore
863 4011 1037 4087 apparuerit.
1099 4012 1212 4089 Neque

94 4090 102 4107 ‘
184 4092 220 4148 de
252 4094 421 4150 eruditione
448 4097 671 4161 Germanorum,
716 4096 795 4150 enim
816 4094 929 4173 bouum
965 4095 1084 4151 dicendi
1115 4118 1210 4174 geum
