2558 5236
152 330 177 398 a
375 309 434 383 M.
466 309 568 382 ΕΑΒ.
604 304 920 403 QUINTILIANI
954 334 959 341 ’

151 499 356 578 sumerent
389 497 522 586 aliud,
565 524 649 599 quo
682 496 792 571 idem
823 496 998 598 intelligi
1029 496 1169 598 pollet'.

153 615 278 721 Quod
310 640 404 690 cum
430 612 485 688 est
507 614 663 713 puerile
689 627 729 686 et
756 610 965 704 cuiusdam
989 612 1168 692 infelicis

154 754 311 832 operae,
335 746 423 807 tum
439 731 557 805 etiam
576 728 675 836 utile
690 750 853 828 parum:
882 727 1040 802 turbam
1057 732 1172 808 enim

151 845 276 923 modo
290 861 520 946 congregat,
545 868 594 919 ex
610 832 783 941 qualine
801 842 1031 919 discrimine
1048 859 1172 920 'occu-

115 974 135 1037 8
152 976 222 1063 pet
236 962 465 1062 proximum
485 958 689 1058 quodque.
743 957 875 1033 Nobis
893 972 1026 1035 autem
1045 956 1172 1071 copia

152 1101 250 1154 cum
273 1069 438 1186 judicio
462 1074 635 1176 paranda
665 1070 737 1163 est,
776 1074 862 1169 vim
892 1072 1052 1165 orandi,
1081 1102 1170 1152 non

153 1194 444 1268 circulatoriam
470 1191 768 1268 volubilitatem
786 1185 1060 1288 spectantibus.
1119 1191 1170 1268 ld

152 1324 288 1385 autem
318 1306 611 1407 consequemur
640 1299 805 1414 optima
833 1293 1009 1415 legendo
1039 1319 1168 1418 atque

154 1414 380 1500 audiendo.
445 1412 551 1496 Nou
580 1421 689 1494 enim
720 1417 852 1494 solum
883 1423 1048 1496 nomina
1083 1423 1168 1523 ipsa

151 1561 291 1615 rerum
318 1532 601 1636 cognoscemus
621 1534 695 1610 hac
720 1560 835 1624 cura,
863 1532 932 1610 sed
955 1537 1023 1613 cui
1035 1539 1169 1637 quod·

216 1817 270 1874 quo
295 1797 379 1853 idem.
410 1797 512 1855 ruric.
533 1795 612 1855 Flor.
635 1799 732 1856 Guels.
760 1799 836 1876 quod
858 1802 877 1855 ι’.
897 1818 970 1869 Ιοιιιιι
993 1799 1068 1859 Jens.
1091 1796 1169 1875 quod

152 1881 277 1957 (abique
295 1885 328 1953 i.)
346 1884 447 1958 Camp.
575 1882 674 1962 poffet.
718 1880 942 1961 Camppotestr
966 1887 1037 1942 item
1051 1882 1168 1959 summe

152 1965 244 2023 modo
261 1986 316 2042 pro
325 1965 474 2043 sumerent.
647 1971 755 2027 turbam
769 1973 850 2024 enim.
894 1971 994 2027 Turio.
1008 1967 1085 2024 Flor.
1102 1968 1169 2038 (hio

152 2071 169 2106 ι
190 2051 242 2106 sec.
264 2055 361 2118 man.)
382 2051 479 2109 Guels.
501 2054 694 2129 (posteriores
717 2055 854 2124 divium)
876 2055 1077 2109 turbameutum
1098 2074 1168 2109 cum

153 2133 242 2190 Pelet.
258 2136 424 2200 Gebhardi,
444 2138 567 2203 undosis
582 2140 658 2194 eruit
674 2153 902 2214 purgaruntum,
926 2157 1037 2195 amator
1052 2137 1168 2204 talium,

153 2234 231 2274 recte
254 2237 371 2279 notante
389 2224 578 2288 normanno,
599 2225 649 2279 cui
667 2224 768 2281 eudem
781 2224 816 2279 de
832 2223 954 2280 homine
968 2223 1053 2280 sentit
1069 2223 1168 2279 fratria

154 2298 233 2361 filiae
250 2304 285 2361 ad
299 2308 387 2385 Prop.
405 2328 427 2369 ι.
449 2328 477 2371 r,
498 2324 547 2377 tr.
592 2310 638 2367 ct.
655 2326 703 2373 ro,
719 2309 816 2383 7».²⁶·
857 2309 931 2365 lude
947 2326 1027 2365 erant
1042 2310 1168 2364 cruurio·

152 2403 202 2443 tm
216 2387 263 2444 isli
276 2398 310 2461 4.
329 2407 364 2455 2.
385 2401 454 2465 ¹2⁴·
496 2390 576 2465 qut.
600 2392 786 2455 curteum.

219 2481 248 2540 8.
270 2474 484 2531 volubilitatem.
532 2476 633 2534 Turio.
655 2477 754 2543 Guels·
776 2480 878 2555 camp.
897 2480 1071 2549 uoluptatem
1098 2496 1169 2534 cum

151 2555 238 2612 nott
262 2554 322 2612 Bul.
345 2576 374 2617 et
395 2558 460 2614 add.
479 2576 545 2619 unte
559 2561 643 2619 Besrl.
684 2560 826 2619 Nostrum
841 2562 915 2618 hnic
929 2562 963 2617 iu
977 2557 1053 2618 Vall·
1070 2559 1169 2633 super·

152 2640 294 2717 scriptum
314 2658 412 2699 namt
433 2643 557 2711 ffldiur,
582 2646 630 2702 sed
652 2643 898 2703 vindicantFlor.
913 2642 1003 2701 Goth.
1019 2643 1108 2714 item,
1132 2662 1170 2704 ur

105 2760 112 2772 ·
154 2722 297 2800 suspicor,
316 2726 394 2786 arm.
522 2730 725 2808 consequemur·
766 2728 847 2787 Flor.
864 2727 960 2787 Guels.
978 2730 1079 2803 Cump.
1102 2749 1170 2784 con·

148 2804 291 2884 sequimur
316 2830 385 2869 cum
405 2812 493 2877 usim.
525 2815 611 2871 Colb.
642 2814 722 2873 voss.
743 2829 772 2871 n·
806 2812 876 2883 (sed
896 2810 986 2869 Goth.
1003 2808 1167 2887 seqlimur)

154 2891 231 2951 vall.
247 2894 321 2953 Jens
338 2898 425 2956 Tarv.
556 2903 628 2954 euim
642 2897 748 2975 solum.
791 2899 839 2953 Sic
857 2894 957 2953 Turic-
972 2897 1050 2954 Flor.
1068 2897 1169 2957 Guelf.

154 2977 255 3053 Cump.
278 2982 367 3037 Goth.
387 2985 462 3045 leus.
484 2983 561 3055 (err.
587 3000 616 3039 et
635 3001 689 3040 tac.
711 2985 798 3041 Genu·
819 2985 867 3039 etsr
891 2982 979 3039 Goth.
988 2981 1074 3058 sola)
1097 3002 1169 3038 cum

155 3060 220 3119 edd.
245 3080 311 3121 tute
332 3066 416 3124 Bafil.
438 3068 560 3147 Reliqui
577 3067 606 3145 s.
629 3089 653 3127 e.
836 3071 880 3124 cui
903 3070 1031 3147 quodque
1050 3065 1170 3143 iocosae

197 3261 226 3313 ¹7.
249 3248 369 3324 infelicis
393 3275 504 3331 operae
543 3256 579 3313 cs.
609 3264 638 3325 8.
680 3253 777 3311 adhuc
800 3253 868 3313 loco
888 3257 935 3317 stt.
958 3274 1046 3311 nemo
1060 3255 1168 3330 proba·

155 3334 223 3389 l'ro.
241 3344 289 3402 28.
306 3353 334 3392 et
352 3358 406 3403 u,
423 3355 457 3403 u,
475 3350 525 3415 49.
547 3339 639 3403 „haec
680 3339 745 3404 bite
784 3360 949 3417 quanquam
975 3340 1015 3394 est
1041 3341 1105 3396 sane
1134 3340 1170 3399 in

155 3436 219 3472 rura
234 3417 420 3479 infelicitae.“
682 3439 841 3502 congregat.
889 3426 959 3481 Fuit
981 3444 1047 3480 cum
1070 3430 1169 3499 proxi-

199 3517 321 3574 occupet.
385 3510 482 3566 Potest
528 3511 639 3584 qumi,
682 3530 756 3568 mum
784 3510 912 3586 quodque
948 3508 1169 3567 nominativum

156 3587 238 3662 quod
266 3589 300 3643 sit
329 3590 415 3648 verbi
449 3593 639 3665 subjectum?
681 3595 901 3671 interpretarer,
929 3610 959 3649 et
979 3604 1092 3662 occupet
1112 3612 1169 3667 pro

156 3669 312 3727 Oratorem
343 3673 456 3733 sortaffe
487 3678 640 3734 rectislime
683 3692 816 3742 occurrat,
836 3680 1008 3753 praeveniet.
1039 3676 1095 3731 Sed
1109 3675 1169 3735 hoo

154 3755 316 3830 intelliget,
352 3774 385 3814 nt
414 3762 448 3815 stt
475 3758 528 3816 e'rs
549 3768 640 3819 ueteris
680 3763 806 3820 insoleus
827 3781 880 3818 nec
894 3761 1089 3836 perspicuum.

154 3839 267 3894 dictum
290 3856 320 3895 et
343 3846 419 3916 quest
441 3864 639 3919 preoccupes.
726 3857 754 3916 8·
772 3845 972 3923 spectantibus.
1003 3844 1168 3922 insecten-

152 3923 232 3979 Nam
255 3939 288 3976 ut
314 3926 472 3984 artificium
495 3929 572 3985 illud
593 3934 639 4007 ip·
682 3930 776 3988 tibus?
806 3931 844 3986 es.
862 3941 898 3997 8,
915 3940 950 3996 52
969 3941 1017 3996 ⁸5·
1046 3931 1102 3986 Sed
1117 3931 1170 3988 hio

154 4005 234 4068 sum,
270 4009 350 4081 quod
379 4013 495 4087 puerile
526 4015 640 4071 dixerut
680 4019 780 4072 minua
795 4014 950 4071 necessaria
968 4014 1089 4072 videtur
1102 4034 1168 4070 mu·

155 4106 317 4162 purumque
340 4094 428 4161 rutile,
449 4097 499 4155 hic
518 4099 639 4174 subjecti
680 4102 771 4164 tutiot
793 4096 884 4155 simile
900 4098 997 4156 nostro
1012 4110 1040 4169 5.
1059 4111 1168 4162 amn.
