2558 5236
253 328 326 397 302
489 303 546 374 Μ.
572 304 677 374 ran·
700 303 1011 397 qurnrunnr

196 522 235 577 aa
249 495 353 572 fecto
382 519 466 569 non
489 492 680 567 taciturus
709 490 760 566 de
782 505 886 565 tanta
909 489 977 566 sua
1001 490 1139 591 gloria.
1192 497 1254 570 Ex

214 660 216 665 -
248 612 327 689 hoc
350 606 567 689 Simonidis
596 603 701 683 sacto
721 620 903 683 notatum
918 606 1093 697 videtur,
1118 611 1279 698 juvarit

248 726 480 802 memoriam
494 721 655 823 signatis
669 723 802 798 animo
819 719 1000 812 sedibus,
1027 723 1154 821 idque
1174 749 1253 799 cre·

131 864 166 935 ⁸·
250 841 343 917 dere
365 837 438 916 suo
464 839 635 937 quisque
656 838 937 940 experimento.
978 840 1083 912 Nam
1101 863 1197 914 cum
1211 842 1252 916 in

249 959 336 1033 loca
358 955 490 1055 aliqua
511 949 601 1055 post
625 968 783 1054 tempus
806 950 950 1026 reversi
972 951 1132 1040 sumus,
1169 976 1250 1031 non

247 1068 330 1171 ipsa
358 1066 604 1170 agnoscimus
627 1082 802 1154 tantum,
826 1063 894 1141 sed
918 1069 1057 1157 etiam,
1087 1071 1250 1165 quaein

245 1184 310 1262 his
318 1182 544 1271 fecerimus,
558 1179 862 1271 reminiscimur,
878 1181 1146 1284 personaeque
1161 1181 1250 1259 sub·

246 1316 357 1390 eunt,
388 1321 682 1397 nonnunquam
701 1298 837 1373 tacitae
861 1324 1023 1398 quoque
1047 1300 1252 1398 cogitatio·

199 1462 202 1468 ·
246 1439 318 1491 nes
336 1419 379 1489 in
397 1429 572 1489 mentem
586 1426 853 1487 revertuntur.
912 1415 1016 1488 Nata
1038 1412 1093 1487 est
1114 1415 1252 1514 igitur,

194 1547 232 1629 aa
247 1546 294 1606 ut
315 1533 360 1605 in
383 1531 606 1630 plerisque,
637 1551 698 1602 ars
724 1527 771 1601 ab
797 1529 1079 1628 experimento.
1147 1533 1253 1606 Loca

308 1758 313 1777 ·
337 1746 343 1792 “.
391 1743 540 1813 taciturus,
557 1742 658 1797 Turio.
675 1745 783 1797 tacitas.
799 1741 893 1798 Modo
907 1741 986 1800 Flora
1000 1742 1163 1817 Tyndariis.
1177 1744 1252 1799 item

247 1824 309 1903 ipsa
324 1845 379 1902 pro
396 1823 454 1899 ipse
470 1825 536 1880 'enm
553 1825 649 1882 Gueis.
667 1843 696 1881 et
712 1847 783 1882 mox
792 1826 841 1902 sui
855 1847 909 1902 pro
917 1826 980 1902 sua.

235 1908 257 1943 ”
314 1927 361 1978 ι7.
384 1911 544 1966 Sinronidis.
565 1909 643 1965 Flor.
667 1911 796 1975 Simonis,
814 1931 829 1965 a
844 1913 895 1968 sec.
912 1932 951 1966 m.
975 1911 1138 1974 Simonides,
1164 1912 1253 1968 etsie

248 1994 345 2052 Guels.
370 2015 435 2050 oum
460 1996 535 2054 Jeni.
552 1996 652 2051 Locat.
676 2012 705 2051 et
725 1995 841 2070 postem.
858 2012 922 2052 ante
940 1994 1005 2052 ΔΜ.
1169 2009 1254 2051 nota-

198 2106 201 2110 ·
248 2092 315 2136 tum.
340 2080 440 2136 'Eutic-
463 2077 559 2145 Guelf.
581 2082 691 2136 notavit
713 2100 781 2135 oum
803 2082 877 2141 Jens.
901 2098 929 2136 et
955 2079 1018 2136 edd.
1039 2078 1158 2154 postera.
1185 2097 1254 2136 ante

244 2164 311 2220 ΑΜ.
333 2166 427 2220 notari
449 2165 549 2238 Camp.
566 2183 632 2219 cum
650 2165 738 2221 Goth.
756 2166 833 2222 von.
851 2179 878 2221 2.
902 2167 1011 2221 notavit
1026 2178 1056 2218 ut
1072 2163 1145 2220 Oba.
1188 2166 1254 2220 No·

243 2249 333 2304 strum
350 2249 388 2303 est
401 2248 434 2304 in
447 2247 522 2307 Veli.
539 2265 568 2303 et
581 2247 658 2304 Flor.
678 2269 796 2324 quoque
813 2253 859 2320 (ut
874 2247 1019 2324 videtur).
1180 2250 1252 2305 ioca.

242 2334 349 2411 aliqua.
365 2332 445 2390 Flor.
462 2333 525 2388 ioco
541 2334 646 2404 aliqua.
666 2333 762 2389 Guelf.
784 2336 855 2389 Exc.
872 2337 985 2389 Senten.
1005 2335 1067 2389 loco
1089 2333 1126 2388 de
1145 2334 1250 2408 aliquo.

370 2417 407 2471 ab
430 2421 627 2492 experimento.
648 2419 749 2473 Turio.
773 2419 845 2474 abae
860 2422 1047 2492 experimenti,
1063 2435 1093 2474 et
1107 2420 1251 2475 contiuuo

124 2508 128 2516 '
234 2502 322 2557 idem
341 2501 404 2558 lori.

241 2686 301 2726 rat:
318 2688 413 2744 neque
427 2667 545 2732 enimsi
560 2669 723 2728 samailiiut
764 2691 815 2727 rua
831 2671 935 2745 reponi
953 2672 1054 2727 credet.
1080 2670 1249 2728 Obrechtne

240 2753 309 2810 iacti
323 2754 396 2808 vivo
411 2754 468 2824 jam
482 2766 566 2827 poeta
576 2755 723 2829 viguisset,
765 2757 855 2810 nimie
872 2756 1015 2811 ductuum
1034 2758 1161 2832 ipsorum
1178 2777 1249 2811 cura

239 2837 723 2916 poteratnonsrequentiiiimaeffo
764 2839 884 2895 refinxit
911 2842 1002 2896 credet
1029 2854 1073 2902 et,-
1110 2841 1250 2897 uoniam

217 2920 220 2924 ’
242 2926 303 2997 ejua
317 2923 392 2996 apud
408 2922 501 2994 ipsum
515 2924 636 2978 mentio.
660 2925 723 2980 Post
765 2925 961 2995 adjiciendum
981 2926 1076 2981 nostro
1096 2943 1180 2998 putat
1195 2946 1250 2999 po·

239 3007 296 3062 sata
311 3026 484 3081 magnorum
500 3007 633 3061 virorum
655 3010 722 3064 talia
765 3006 833 3082 tesc,·
855 3025 883 3064 et
897 3010 954 3065 hoo
968 3010 1248 3082 soriesseoptimum,

239 3091 276 3146 de
292 3092 328 3145 iis
341 3092 451 3145 narrari
464 3089 563 3146 soient.
582 3091 721 3151 Dukerue
764 3093 786 3146 fi
813 3094 875 3167 posi
899 3098 1081 3166 experimento
1108 3093 1249 3150 excidisse

239 3176 271 3230 in
289 3175 483 3230 dissertatione
504 3175 594 3231 modo
611 3197 722 3232 memo·
766 3175 892 3234 dicatur:

237 3276 298 3314 rata
312 3278 340 3332 p.
353 3273 421 3312 102.
432 3273 460 3325 5.
479 3259 582 3321 samam
594 3262 720 3338 desfyu·
806 3260 870 3334 post
882 3277 994 3336 tempus.
1010 3260 1030 3314 i.
1045 3261 1108 3335 post
1122 3261 1246 3337 aliquod

238 3342 347 3398 daridis
385 3345 573 3399 evocantibus
603 3354 719 3419 poetam
764 3360 887 3420 tempus,
901 3347 988 3422 paulo
1004 3346 1140 3419 longiore
1155 3350 1244 3403 inter·

237 3428 299 3502 ipso
326 3429 445 3481 demum
475 3444 594 3482 mortuo
623 3447 718 3484 natam
759 3430 837 3508 jecto
853 3448 992 3507 tempore.
1032 3433 1110 3485 Haeo
1127 3434 1244 3488 dicendi

190 3509 198 3532 ⁹
236 3512 411 3588 suspicatur,
441 3514 561 3574 eodem,
585 3531 643 3585 quo
669 3513 718 3569 hic
759 3506 1266 3588 formahujuevidetursuiffeae·.

234 3597 351 3661 fabius,
361 3595 468 3652 silentii
477 3613 648 3669 argumento
659 3600 716 3667 jam
759 3600 840 3661 tatis,
864 3616 893 3654 et
914 3600 1024 3674 iegitur
1043 3603 1122 3675 apud
1137 3604 1240 3678 ipsum,

234 3698 316 3736 antea
335 3686 377 3754 (p.
394 3683 458 3754 70.)
476 3682 542 3735 usui
556 3680 587 3732 in
604 3680 717 3737 elevan·
758 3681 899 3747 simodo,
923 3684 1051 3739 nostrum
1066 3686 1151 3742 Deci.
1170 3698 1238 3758 289.

234 3765 269 3820 da
285 3765 410 3820 Phaedri
423 3765 499 3824 fide.
523 3765 575 3836 qui
590 3764 715 3822 celeber·
758 3784 787 3839 p.
807 3779 874 3839 1195.
898 3769 951 3823 ubi
966 3769 1034 3822 vide
1047 3773 1147 3827 Burni.
1166 3788 1197 3826 ut
1211 3784 1241 3824 et

233 3849 338 3903 rimam
361 3853 455 3904 omnia
472 3847 526 3923 sua
539 3845 632 3921 secam
652 3872 716 3923 por·
759 3851 793 3903 ed
807 3852 891 3906 Deci.
909 3860 979 3921 388.
999 3872 1028 3927 p.
1040 3866 1111 3930 789.
1127 3858 1196 3911 item
1207 3854 1244 3909 ad

236 3937 320 3988 tantis
336 3952 439 3989 vocem
450 3933 596 3989 Simonidi
610 3935 716 3990 tribuit
759 3936 782 3986 1.
799 3935 836 3989 Ο.
858 3953 904 3996 12,
921 3952 948 4004 5,
966 3949 995 4003 5.

235 4017 369 4089 Fabb.4,
390 4032 437 4071 21.
807 4031 853 4087 ¹8·
881 4023 963 4076 Loca
985 4022 1101 4097 discunt.
1138 4028 1244 4080 Fateor

281 4117 329 4171 17.
352 4103 467 4162 credere.
491 4102 598 4159 Suadet
610 4102 714 4159 Gesne·
757 4103 868 4159 offendi
887 4123 935 4160 me
954 4107 988 4162 iu
1007 4108 1088 4166 hisce
1102 4126 1176 4184 quae
1194 4111 1242 4164 di·
