2558 5236
246 361 321 426 5⁰0
484 330 541 404 Μ.
564 332 665 404 FAB.
691 330 1004 426 QUINTILIANI

194 574 197 583 ·
249 527 365 612 crati,
393 548 443 597 an
464 519 731 621 Agatharcho,
760 544 809 592 an
827 519 973 615 Scopae
990 512 1185 617 [criptum
1200 517 1248 596 fit

236 643 293 718 ‚id
308 662 482 714 carmen:
510 649 548 709 at
562 633 734 724 Pharsali
753 631 875 713 fuerit
896 632 991 704 haec
1009 631 1175 721 domus,
1203 650 1248 709 ut

245 756 328 859 ipse
352 751 529 855 quodam
543 751 633 825 loco
651 747 872 849 siguificare
889 746 1116 822 Simonides
1136 749 1249 824 vide·

229 889 327 960 .tur,
353 886 469 967 atque
490 863 762 965 Apollodorus
776 878 814 937 et
828 859 1101 937 Eratosthenes
1118 878 1157 936 et
1172 869 1248 941 Eu·

247 987 426 1090 phorion
441 998 481 1056 et
498 975 714 1055 Larillaeus
726 979 960 1090 Eurypylus
979 975 1246 1068 tradiderunt;

249 1127 299 1176 an
322 1103 524 1183 Cranona,
553 1110 600 1168 ut
623 1095 784 1194 Apollas
811 1092 1098 1180 Callimachus,
1128 1118 1248 1192 quem

194 1214 234 1288 ²5
248 1215 404 1292 secutus
422 1213 563 1288 Cicero
575 1208 679 1283 hanc
695 1208 838 1282 famam
857 1209 976 1281 latius
996 1195 1114 1282 fudit.
1159 1213 1248 1286 Sco·

245 1358 337 1437 pam
369 1327 549 1404 nobilem
575 1320 802 1399 Thellalum
826 1317 981 1428 periille
1011 1325 1055 1396 in
1081 1348 1129 1398 eo
1156 1351 1250 1399 con·

245 1448 359 1526 vivio
384 1439 551 1528 constat,
581 1438 765 1531 adjicitur
783 1436 929 1514 sororis
945 1424 1080 1512 filius:
1107 1454 1251 1540 putant

246 1578 286 1637 et
307 1576 414 1634 ortos
434 1557 649 1655 plerosque
676 1554 723 1628 ab
744 1555 822 1632 alio
844 1558 990 1656 Scopa,
1028 1556 1100 1655 qui
1123 1561 1250 1649 major

245 1771 311 1853 plur.
333 1775 432 1847 camp.
453 1772 531 1826 idem
547 1770 604 1827 bis·
621 1773 767 1826 Crannone
781 1769 876 1825 Guelf.
887 1774 988 1843 Camp.
1163 1771 1251 1825 Phar·

239 1852 307 1940 sali.
327 1857 423 1915 Guelf.
443 1858 542 1929 Camp.
558 1854 702 1930 pharsalii.
730 1856 815 1910 Prior
834 1857 924 1911 modo
936 1851 977 1927 sit
996 1870 1058 1908 ante
1076 1854 1105 1906 id
1125 1857 1249 1913 omittit.

374 1940 558 2016 Ειιτγγγὶιιε.4
573 1940 652 1995 Dedi
668 1939 747 2012 quod
761 1939 854 1994 solum
868 1942 1010 1994 rationem
1027 1938 1153 1996 haberet,
1178 1959 1248 2008 cum

244 2032 344 2088 Locau
355 2025 489 2084 etmultia
499 2041 564 2078 anta
576 2027 676 2080 Burin.
691 2023 760 2077 item
772 2026 893 2098 Capper.
904 2023 1103 2079 etSchnaider.
1114 2023 1147 2074 ad
1162 2025 1249 2078 Arist.

244 2114 333 2170 Polit.
351 2125 381 2180 5,
397 2121 426 2176 5,
442 2124 469 2176 7.
487 2109 518 2164 in
534 2110 609 2164 Add.
626 2109 724 2162 Miror
743 2126 881 2183 corrupto
899 2108 1069 2182 acquieviile
1090 2106 1251 2162 Dukerum

245 2216 276 2255 et
291 2221 346 2254 van
364 2198 478 2256 Goeno,
501 2195 581 2268 quod
605 2193 674 2248 dant
687 2190 836 2266 plerique,
858 2193 1033 2266 Eurypiluu
1054 2191 1144 2264 aliqui
1162 2193 1251 2247 etiam

243 2283 399 2358 Euripilus,
421 2280 520 2353 Camp.
537 2281 603 2352 (per
618 2276 691 2351 [ph.)
708 2276 854 2351 Erypilaao
869 2280 954 2332 Tarv.
970 2279 1168 2351 Euryphylaa
1181 2277 1246 2332 ald.

243 2366 429 2442 Eariphylas.
459 2363 564 2437 Scripsi
579 2379 674 2417 autem
697 2360 864 2436 Lariffucus¹
881 2382 934 2437 pro
949 2363 1134 2435 reliquorum
1151 2362 1248 2436 Laris·

235 2451 315 2527 saus,
341 2448 444 2505 itidem
469 2464 535 2499 cum
549 2446 744 2507 Sclrueidero,
765 2447 809 2499 led
826 2446 1002 2502 etDuhero.
1030 2448 1107 2502 Nam
1122 2448 1248 2501 formam

240 2530 393 2609 Δαρισσιύς
408 2530 461 2585 loli
476 2531 548 2590 Jovi
565 2530 670 2584 tribuit
687 2529 784 2603 Steph.
799 2533 870 2603 Byz.

309 2663 583 2739 15.·s0rorisfflius.
607 2663 684 2718 Flor.
712 2664 811 2719 luserit
837 2682 881 2730 et,
913 2667 989 2720 unde
1014 2666 1124 2721 efficere
1144 2666 1248 2722 malim

240 2758 308 2825 ejus.
337 2749 429 2804 Modo
438 2747 536 2823 periffa
546 2748 635 2802 Goth.
809 2754 878 2806 aliu.
899 2753 946 2806 Sic
954 2752 1052 2805 Turia.
1063 2752 1139 2806 l'lor.
1148 2752 1246 2806 Guell.

240 2859 308 2895 cum
321 2835 399 2892 alm.
415 2833 481 2888 ald.
494 2833 567 2888 Obr.
583 2833 724 2906 probante
737 2838 836 2890 Burm.
860 2834 978 2908 Reliqui
998 2837 1058 2891 illo.
1187 2859 1246 2890 ma·

236 2927 294 2995 jor.
326 2909 427 2976 Turia.
452 2921 570 2987 majora.
593 2917 690 2974 Guelf.
709 2923 810 2996 Camp.
830 2921 904 2981 Jens.
928 2927 1003 2989 (tac.
1019 2922 1121 2987 Gciu.)
1137 2923 1246 2987 majora

240 3026 307 3061 cum
323 3005 411 3061 Goth.
429 3004 516 3058 Tam

236 3165 463 3246 Deriaostheneni
485 3205 540 3261 pro
558 3188 673 3244 Corona
689 3211 718 3265 p.
760 3191 821 3247 iill'e
844 3207 983 3246 narratur.
1021 3189 1065 3246 cf.
1088 3205 1150 3243 not.
1177 3190 1243 3247 crit.

236 3271 718 3344 hisloni.Paulau.6.p.llulm.
761 3276 840 3330 Illud
871 3272 981 3350 periiffa
1011 3273 1243 3329 subaudiendum

240 3368 310 3426 475.
338 3357 460 3410 Lucian.
490 3355 521 3407 in
554 3357 718 3423 Herodoto,
761 3362 848 3416 ctiam
862 3379 933 3414 mox
947 3359 983 3412 ad
996 3371 1105 3433 putant.

237 3443 291 3499 fin.
310 3461 337 3500 et
355 3439 561 3495 demonstrator
578 3440 622 3495 ibi
637 3446 720 3521 aso·
802 3446 838 3499 ab
853 3446 909 3499 alio
922 3446 1021 3515 Scopa.
1044 3445 1101 3498 Hic
1110 3445 1238 3519 quidem,

236 3527 314 3586 lano.
760 3527 883 3583 Dukero
899 3529 930 3583 in
944 3528 1154 3585 Dissertationo
1173 3531 1239 3584 ciu-

278 3616 348 3670 lianc
359 3609 480 3685 famam.
510 3611 590 3683 quod
613 3614 716 3668 Grano·
759 3628 787 3668 ta
819 3611 1000 3668 subtiliilima
1025 3612 1152 3668 calculos
1176 3614 1239 3668 sub·

232 3719 269 3753 na
290 3695 429 3754 acciderit
451 3691 500 3746 illa
519 3693 642 3748 triclinii
656 3698 716 3751 rui·
760 3696 897 3758 ducente.
939 3696 997 3752 fuit
1020 3714 1122 3753 auctor
1145 3697 1238 3773 gonrit

233 3804 287 3846 ιω
316 3778 505 3854 nequeenim
522 3779 715 3834 totiushiilo·
759 3781 975 3853 Scopadarum,
1002 3800 1075 3854 quae
1096 3783 1194 3856 viguit
1207 3783 1240 3836 in

232 3868 293 3921 riae
315 3867 404 3936 hujus
429 3879 530 3918 auctor
553 3861 602 3916 hic
617 3863 714 3939 appel·
759 3864 901 3919 Theffah'a
922 3867 980 3935 jam
1005 3882 1070 3920 ante
1087 3867 1240 3939 Olympia·

233 3947 310 4004 latur
325 3952 438 4005 Cicero.
758 3947 824 4002 dem
854 3948 911 4015 46.
942 3951 1009 4004 tolla
1035 3951 1189 4005 Herodoto
1210 3951 1240 4011 6,

232 4048 235 4055 ’
281 4047 328 4099 ¹6·
352 4036 490 4100 adjicitur.
509 4029 554 4086 Ab
569 4029 714 4089 historicir
762 4047 830 4098 127.
857 4034 934 4087 unde
958 4051 1076 4108 apparet
1092 4035 1179 4107 louge
1197 4035 1240 4088 fu·

232 4119 319 4175 ctiam
340 4118 401 4188 ejua
417 4115 525 4172 sororia
543 4113 626 4170 oliui
647 4136 714 4193 per·
756 4135 808 4192 pra
831 4117 992 4175 Simonidis
1023 4134 1145 4177 aetatem
1167 4117 1241 4175 rele-
