2558 5236
207 323 277 389 ..ο
395 288 401 305 “
445 301 502 391 Μ.
527 302 628 372 Fan.
657 300 975 395 oumrnnm
1082 260 1087 269 ’

205 498 265 574 Μ.
310 492 472 568 Tullius
526 506 680 567 tantum
730 485 904 565 intulille
934 552 939 563 .
968 489 1226 591 eloquentiae

206 611 372 695 lumen,
400 606 511 706 quod
527 609 571 681 in
585 607 659 681 hos
676 628 841 705 quoque
862 602 1109 682 studiorum
1125 604 1226 681 secel·

208 712 274 801 lus
290 724 472 797 excurrit.
518 724 624 796 Nam
639 714 670 794 li
688 721 805 796 nobis
823 718 903 796 sola
921 724 1104 795 materia
1119 720 1225 799 fuerit

211 864 260 913 ex
281 838 440 925 litibus,
468 832 617 911 necelle
642 833 715 922 est,
756 833 958 909 deteratur
986 832 1166 937 fulgor,
1200 852 1228 913 et

213 951 390 1028 durescat
406 953 616 1039 articulus,
645 948 790 1049 etipse
815 951 884 1024 ille
904 974 1061 1029 mucro
1088 954 1229 1055 ingenii

162 1102 200 1157 η
218 1067 448 1168 quotidiana
468 1093 602 1168 pugna
627 1064 873 1140 retundatur.
934 1066 1019 1141 Sed
1045 1068 1229 1169 quemad·

215 1183 382 1260 modum
397 1179 620 1257 iorenlibus
635 1181 915 1255 certaminibus
933 1185 1228 1273 exercitatos&

181 1296 325 1399 ‘quali
349 1298 562 1372 militantes
585 1293 715 1370 reficit
739 1320 782 1367 ac
796 1312 962 1395 reparat
991 1296 1105 1374 haec
1134 1302 1229 1377 vetut

215 1412 346 1512 sagina
377 1409 557 1485 dicendi:
588 1408 641 1483 lic
677 1408 939 1485 adolescentes
965 1421 1065 1489 'non
1097 1414 1230 1493 debent

216 1529 392 1603 nimium
414 1527 458 1598 in
481 1522 575 1598 talla
598 1548 731 1598 rerum
757 1526 929 1624 imagine
955 1524 1170 1621 detineri,
1203 1546 1230 1605 'et

217 1642 402 1716 inanibus
427 1637 667 1726 limulacris,
696 1665 824 1737 usqne
850 1640 970 1729 adeo,
1001 1659 1056 1718 ut
1081 1646 1231 1725 difficile

218 1756 266 1829 ab
295 1754 359 1828 his
386 1748 574 1852 digrellos
591 1751 897 1841 fitalluefacere,
927 1780 979 1830 ne
1005 1758 1060 1833 ab
1086 1763 1177 1852 illa,
1200 1765 1230 1837 ir

165 1894 297 1969 ¹¹qua
323 1893 447 1969 prope
472 1866 762 1959 consenuerint,
791 1871 943 1963 umbra,
971 1896 1079 1949 vera
1108 1878 1232 1955 discri-

217 1984 348 2074 mina,
393 1984 505 2060 velut
527 1984 728 2085 quendam
763 1984 910 2074 solem,
951 1986 1231 2071 reformident

288 2252 335 2309 ιδ.
357 2253 504 2311 deteratur.
530 2256 629 2311 Turio.
652 2256 730 2313 Flor.
759 2257 847 2332 (apr.
865 2275 904 2311 m.
921 2258 1069 2335 uterque)
1094 2264 1232 2321 deteret!-

221 2335 318 2394 Guelf.
347 2339 523 2393 deterreatur.
692 2343 858 2416 quotidiana
881 2362 984 2417 pugna.
1019 2346 1136 2405 Turio.
1169 2348 1231 2407 flet·

222 2421 286 2490 (ltic
309 2420 422 2497 duplici
448 2423 489 2496 T)
527 2426 669 2481 cotidiano
689 2427 748 2481 alia
769 2447 797 2498 p.
837 2424 891 2480 Ille
914 2445 928 2477 a
952 2428 1003 2482 lec.
1028 2450 1072 2489 m.
1107 2434 1232 2491 condid

222 2527 249 2559 a.
264 2526 292 2577 p.
315 2504 364 2560 hic
386 2506 524 2561 nostrum.
550 2509 596 2562 Ex
611 2509 687 2565 Alm.
715 2510 850 2589 Quotidie
871 2511 930 2565 alia
951 2532 980 2585 p.
1014 2517 1125 2573 Etiam
1145 2520 1230 2595 emp

244 2606 276 2642 er
298 2608 345 2642 co.

221 2607 241 2664 P
289 2687 337 2738 ¹7·
368 2676 538 2732 exercitatos.
575 2678 675 2734 Turio.
711 2675 790 2731 Flor.
827 2678 922 2734 Gnell.
957 2679 1064 2757 Camp.
1107 2693 1232 2747 mium

223 2774 290 2811 cum
303 2754 379 2809 nim.
546 2774 574 2815 et
589 2759 676 2836 qnafi.
700 2762 799 2815 Tmic.
823 2778 850 2817 et
864 2781 940 2839 quas,
963 2782 978 2815 a
995 2764 1051 2821 lec.
1069 2791 1116 2827 m.
1141 2792 1224 2853 eque.

282 2836 325 2913 fic
339 2839 523 2915 adolescentes
537 2874 578 2887 —
591 2847 704 2898 nimium
719 2833 750 2898 in
760 2843 848 2922 falsa.
872 2848 972 2901 anic.
995 2856 1205 2931 recalescam
1212 2852 1230 2933 J

221 2923 301 2979 Flor.
332 2928 360 2992 (a
382 2945 426 3000 pr.
454 2929 509 2996 m.)
534 2927 730 3003 secelescentes
745 2928 774 3002 f.
802 2951 868 2984 cnm
893 2929 965 2985 clm.
995 2934 1053 2988 Sed
1077 2942 1233 3021 Campi

224 3008 345 3063 omittit.
530 3008 656 3085 difficile.
679 3013 780 3071 Turio.
803 3016 881 3071 Flor.
903 3009 1053 3088 difficilius
1077 3043 1155 3083 cum
1168 3028 1234 3085 Ala.

222 3087 348 3164 difficilis
363 3091 458 3148 Gucll.
475 3094 573 3170 Camp.
589 3096 678 3151 Goth.
694 3098 768 3156 Jent.
785 3099 852 3171 (tac.
869 3100 967 3171 Geln.)
983 3118 1055 3159 cum
1077 3110 1234 3181 Vong.

223 3192 252 3230 et
277 3173 341 3231 edd.
362 3192 426 3231 ante
451 3180 565 3253 Gryplt.
588 3198 648 3234 cxc.
672 3182 738 3235 ssad.
762 3187 864 3253 cnjus,
899 3203 1082 3258 quemqnam
1109 3200 1234 3263 neunt,

221 3258 315 3313 nostra
336 3261 473 3334 [criptura
496 3264 615 3318 videtur
635 3266 690 3321 elle
712 3269 886 3323 emendatio.
928 3270 975 3323 An
993 3271 1057 3330 luit
1073 3283 1234 3357 antiquiore

222 3338 340 3415 difficile
362 3347 395 3397 iis
414 3344 571 3421 digreffos?
765 3349 909 3427 dr'greffos.
938 3353 1039 3410 Turio.
1072 3370 1105 3431 (a
1122 3366 1235 3441 prm)

219 3426 298 3482 Flor.
327 3428 423 3483 Gnelf.
452 3432 552 3504 Camp.
576 3432 665 3489 Goth.
687 3436 761 3495 Jenl.
785 3442 851 3503 (tac.
873 3436 970 3501 Gelu.)
1000 3441 1149 3523 digreffus
1175 3468 1235 3509 ω

219 3509 341 3567 volte.
359 3525 388 3579 3.
411 3530 440 3568 et
462 3515 526 3569 edd.
550 3534 613 3572 ante
632 3518 745 3593 Gryph.
769 3539 829 3577 exc.
845 3520 913 3576 Bad.
936 3522 1014 3576 Mox
1035 3530 1129 3590 Bafil,
1156 3532 1237 3613 aff„

213 3590 283 3667 Jieri
310 3598 532 3668 exconjectura
555 3600 715 3657 Plrilandri.
915 3604 1123 3681 consenuerint,
1160 3622 1235 3679 1:101.

263 3828 310 3885 16.
324 3828 450 3906 durescat
466 3834 604 3891 articulus.
614 3839 702 3895 Recte
745 3841 865 3899 tiffimae
895 3843 1129 3919 similitudines,
1159 3856 1239 3917 velut

214 3929 384 4003 pomparam
412 3916 524 3972 mollem
556 3923 701 3979 articulum
747 3943 793 3989 12,
820 3947 866 3990 ao,
893 3939 939 3996 ¹5·
965 3948 994 3986 et
1010 3940 1096 4009 apud
1120 3944 1238 4003 Cieue·

214 4006 243 4056 2,
270 4014 316 4061 ια,
341 4014 368 4054 a.
740 4030 825 4073 nem,
850 4013 904 4071 nbi
925 4013 996 4071 vide
1018 4018 1189 4087 Ernelinm
1208 4028 1238 4087 in

259 4095 304 4149 17.
328 4082 424 4139 umbra
438 4111 479 4127 -
489 4080 589 4158 solem.
632 4090 697 4147 No·
740 4092 838 4156 Clare,
