2558 5236
140 297 212 363 ωδ
370 278 428 349 Μ.
462 279 563 347 ree.
603 276 918 372 outnrrnntut

139 466 333 545 eruendas
358 464 452 538 alias
477 490 560 539 non
585 464 784 565 proderit,
810 462 878 539 led
897 462 1006 539 nihil
1033 463 1172 543 habe·

138 586 293 668 bimus,
322 577 395 655 nist
421 576 604 655 beneficii
628 580 775 655 alieni?
805 578 1169 679 quemadmodum

143 697 309 797 qnidam
341 697 511 794 pictores
550 698 594 770 in
628 696 673 771 id
708 694 838 771 solum
871 692 1061 786 student,
1121 714 1170 774 ut

143 811 361 899 describere
392 811 541 885 tabulas
573 809 768 887 mensuris
798 837 841 883 ac
873 810 992 885 lineis
1021 808 1168 889 sciant

108 958 126 1012 7
147 933 286 1028 Turpe
299 927 418 1001 etiarn
435 925 540 1001 illud
559 924 626 1015 est,
655 941 886 1001 contentum
906 921 980 1000 elle
998 926 1048 1000 id
1070 954 1174 1004 con·

125 1042 265 1138 loqui,
295 1039 407 1142 quod
429 1042 607 1117 imiteris.
666 1044 774 1116 Nam
797 1037 933 1115 rursus
957 1040 1067 1139 quid
1083 1060 1171 1119 erat

138 1155 346 1246 futurum,
393 1154 563 1232 finemo
589 1159 680 1259 plus
710 1150 893 1230 effecillet
922 1179 991 1244 eo,
1041 1182 1174 1257 quem

138 1372 216 1429 Gibs.
241 1370 314 1429 obr.
339 1374 462 1447 Cepper.
487 1372 563 1426 Mox
583 1388 638 1444 pro
664 1370 798 1424 eruendae
828 1369 934 1443 Turio„
952 1368 1037 1424 Flor.
1065 1371 1169 1439 (hice

134 1456 183 1532 pr.
201 1455 256 1525 m.)
273 1456 371 1511 Guell.
389 1460 489 1529 Cemp.
509 1454 672 1508 erudiendas
689 1472 755 1507 cum
771 1456 856 1509 Bern.
880 1469 910 1507 et
924 1454 990 1509 edd.
1009 1473 1082 1512 nime
1101 1457 1171 1514 Ald-

139 1541 290 1600 Nostrum,
299 1538 380 1611 qnod
393 1540 539 1610 conjicere
549 1539 677 1599 videtur,
686 1554 734 1592 ant
744 1537 844 1593 videri
853 1536 928 1599 vult,
938 1539 1066 1612 Regius,
1076 1543 1172 1603 Gotlt.

139 1623 217 1683 Vall.
241 1623 312 1677 item
330 1622 405 1676 Alm.
431 1625 535 1677 Fateor
557 1638 652 1677 temen
674 1620 829 1696 displicere
851 1622 929 1676 milri
951 1625 992 1676 rei
1017 1641 1051 1679 et
1079 1648 1173 1683 renem

140 1708 410 1769 continuationem,
446 1708 477 1761 in
511 1707 686 1782 quotidiano
709 1705 764 1761 illo
787 1707 915 1760 maxime
939 1710 980 1760 ret'
1003 1710 1171 1775 vocabulo.

141 1790 222 1866 qnod
246 1790 340 1863 ipsum
364 1789 536 1865 languorem
558 1791 710 1864 ingenerat
737 1790 875 1846 orationi.
941 1792 1063 1857 Etiam,
1111 1814 1171 1870 qno

140 1877 261 1931 nomine
282 1875 390 1928 Badius
415 1876 534 1929 aliarum
555 1889 655 1929 tuetur
676 1894 743 1949 pree
769 1876 889 1941 filorum,
912 1879 979 1931 uiue
997 1879 1171 1936 notiffimee

141 1958 302 2015 locutionis
319 1960 437 2013 aliarum
452 1962 525 2014 alies
548 1959 597 2013 lric
617 1959 735 2031 quidem
760 1980 828 2041 non¹
839 1959 913 2015 bene
931 1962 1093 2036 procedit,
1119 1964 1172 2021 ubi

141 2044 256 2097 nonnlsl
276 2042 415 2117 bipertita
438 2044 540 2100 divisio
565 2041 757 2117 intelligitur,
780 2059 814 2098 ut
829 2064 922 2099 novae
938 2064 984 2100 ree
999 2066 1039 2100 ex
1056 2048 1170 2122 priori·

141 2127 196 2182 but
220 2126 281 2182 illis
304 2145 455 2191 ornantur,
485 2148 545 2183 non
573 2128 647 2181 aliae
671 2148 704 2181 ex
726 2128 799 2182 aliis.
846 2130 934 2201 Quod
960 2130 981 2182 fi
1003 2148 1170 2203 peteretur.

141 2213 249 2287 politus
268 2211 331 2267 telis
349 2212 484 2271 decebat:
505 2234 596 2268 rerum
611 2214 730 2267 aliarum
745 2214 782 2266 ud
796 2215 868 2267 alim
881 2214 1017 2267 eruendas
1037 2215 1118 2291 usus.

206 2297 328 2371 quidam.
351 2299 451 2354 Turic.
475 2312 561 2371 poeta
582 2310 625 2359 et.
654 2319 669 2350 a
693 2299 745 2351 sec.
769 2318 856 2351 menn
877 2312 980 2370 poetae
1008 2313 1058 2364 et,
1084 2318 1116 2357 et
1136 2304 1171 2359 fle

142 2381 242 2455 Cemp.
421 2382 573 2457 describere
589 2408 630 2423 -
645 2380 784 2456 mensuris.
801 2382 901 2455 Turio.
920 2383 942 2435 1¹¹
945 2383 1001 2437 lor.
1018 2386 1052 2451 (a
1068 2406 1172 2463 1³1¹·ss-

141 2470 280 2538 uterque)
298 2464 480 2540 describerent
498 2497 540 2509 -
556 2464 704 2539 mensures.
729 2464 824 2520 Guell.
844 2465 872 2520 d.
890 2466 986 2521 tabula
1001 2489 1036 2521 ac
1053 2492 1094 2527 m.

153 2596 158 2605 .
207 2564 235 2615 7.
257 2552 351 2603 eciam.
374 2550 464 2604 Goth.
480 2550 549 2618 (tac.
565 2548 664 2621 Geln.)
679 2552 760 2603 enim.
936 2549 1085 2629 consequi,
1096 2556 1173 2631 quel

144 2635 267 2686 imiteris.
288 2631 390 2685 Turio.
414 2632 542 2709 consequi
566 2633 715 2693 dimiterr's,
748 2654 764 2687 a
785 2635 836 2691 [ec.
859 2638 960 2688 menu'
976 2638 1117 2713 consequi
1139 2642 1174 2699 da

143 2720 245 2773 metris.
269 2715 349 2773 Vols.
366 2733 394 2773 2.
421 2738 444 2770 c.
464 2717 538 2791 quod
559 2720 674 2770 mireris.
847 2718 923 2774 Nam
937 2716 1039 2793 rursus.
1067 2726 1173 2783 Truie.

142 2798 233 2874 rursus
253 2820 326 2855 nam.
496 2816 564 2855 erat.
589 2801 679 2857 Goth.
704 2798 778 2876 effer.
954 2824 1048 2861 nemo.
1077 2808 1172 2869 Goth.

141 2884 222 2939 nteit.
397 2882 538 2961 effeciffet.
562 2884 660 2941 Guelf.
683 2883 794 2960 essiciet.
818 2889 919 2962 Camp.
937 2882 1082 2966 effieiffet.

148 3014 168 3025 ..
205 2990 248 3032 eo,
262 2987 352 3044 quent.
374 2971 448 3028 Jenl.
472 2972 559 3025 Tarr.
577 2992 609 3024 en
629 2992 709 3044 quae.
733 2973 834 3028 Locat.
860 2992 893 3028 eo
915 2973 1087 3049 quodcum
1107 2981 1173 3039 edd.

139 3053 258 3128 posterr.
283 3070 348 3108 ente
371 3053 442 3107 ned.
462 3055 518 3128 qui
541 3056 700 3120 verbosius.
724 3058 773 3111 etti
796 3076 856 3112 non
880 3060 936 3111 line
957 3063 1114 3131 acumine,
1137 3066 1172 3123 do

139 3221 355 3298 „perfeetionee
368 3238 467 3274 rerum
480 3220 628 3293 possibiles
672 3225 730 3286 „Et
744 3227 860 3299 quotiee
876 3228 941 3282 licet
953 3228 992 3282 ite
1007 3235 1173 3304 ponitur-‘⁸

141 3300 376 3374 ,,(ΦιλοσοΦητ1ον
396 3299 466 3377 yde)
494 3305 630 3360 determi·
673 3309 822 3365 Gesnerue.

41 3428 46 3435 -
141 3406 280 3453 „uenture
299 3388 329 3443 h.
346 3388 492 3461 equestri
510 3392 629 3463 qnidam
717 3395 744 3448 6.
788 3398 910 3468 pictores
937 3425 978 3441 -
1009 3422 1043 3454 ec
1088 3405 1173 3475 litter)

143 3472 236 3538 „fines
256 3473 516 3546 rebueeerumqne
535 3477 629 3530 virtu·
667 3476 769 3552 sciant.
821 3483 925 3537 Fateor
961 3502 1069 3557 perum
1112 3490 1173 3548 hoe

142 3558 242 3623 „tibur
259 3557 442 3631 assignantur,
466 3557 539 3613 ultra
555 3580 628 3633 qnoe
673 3566 737 3636 cepi
758 3585 773 3616 ι
795 3586 851 3628 me,
874 3567 926 3620 nist
952 3568 1030 3623 lorte
1051 3571 1172 3631 intelli.

141 3643 310 3707 „escendere
340 3661 393 3715 per
430 3643 631 3699 conditionem
675 3665 780 3720 gantur
802 3649 825 3702 ii
847 3652 991 3725 pictores,
1032 3657 1108 3728 qui,
1140 3676 1172 3715 ut

140 3728 238 3790 „luem
263 3725 325 3783 illie
347 3746 408 3805 non
427 3723 522 3781 liceat.
581 3729 628 3784 Sic
671 3728 761 3789 aliena
788 3753 874 3806 opera
901 3737 933 3790 in
961 3737 1022 3790 snae
1049 3742 1172 3801 tabula.

141 3825 282 3878 „11,5,
309 3821 377 3880 ¹8¹·
418 3812 515 3883 Neque
536 3824 629 3865 terren
671 3814 827 3889 diligenter
850 3820 1037 3885 transferent,
1069 3828 1172 3905 fingu-

142 3890 288 3968 „t'lludest
300 3895 390 3969 nesae.
434 3893 538 3948 Simile
557 3915 629 3949 mox
672 3897 711 3952 les
734 3919 836 3955 eornm
859 3920 953 3977 parter
976 3922 1060 3961 antee
1081 3931 1170 3971 meg·

141 3998 213 4042 „to,
231 3996 260 4043 2,
276 3980 326 4034 26.
355 3980 461 4036 Totum
478 3982 629 4050 exprimere
671 3983 786 4038 inritet
805 3984 890 4042 lineis
908 3987 1124 4053 dimetiuntur.

142 4083 253 4137 „pam
293 4064 400 4118 domini
435 4059 627 4139 inconeeffum.
715 4082 744 4134 7.
770 4070 847 4125 Nem
860 4068 959 4147 rursus.
972 4073 1169 4141 Adverbim.
