2558 5236
138 319 211 392 290
375 284 894 388 u.rAB.QUmruuN1

139 491 253 565 velut
271 483 410 585 spiritu
425 485 691 559 continentur.
748 480 856 555 Nam
873 494 914 552 et
932 478 1078 555 omnis
1096 477 1156 554 di·

139 602 303 703 sciplino
316 601 506 675 memoria
519 595 679 686 constat,
694 592 918 693 frustraque
935 592 1157 683 doeemur,

138 715 189 806 si,
219 714 418 815 quidquid
435 713 632 802 audimus,
660 706 929 812 praeterfluat:
961 724 1005 783 et
1019 735 1158 785 exem·

142 835 317 934 plorum,
342 831 489 930 legum,
506 825 794 928 responsorum,
810 823 1023 907 dictorum
1040 825 1158 901 ‹leni-

141 972 221 1046 que
244 943 520 1042 factorumque
541 946 657 1018 velut
673 940 863 1042 quasdam
879 941 1036 1040 copias,
1068 941 1159 1041 qui·

140 1062 217 1137 bus
242 1061 462 1148 abundare,
503 1083 683 1159 quasque
719 1059 762 1130 in
796 1071 966 1157 promtu
994 1053 1158 1157 semper

140 1177 286 1252 habere
302 1175 419 1250 debet
437 1191 581 1263 orator,
597 1172 734 1247 eadem
749 1171 819 1246 illa
838 1173 902 1247 vis
921 1169 1159 1272 repraesen-

143 1307 207 1366 tat.
264 1293 410 1391 Neque
436 1291 635 1363 immerito
656 1280 860 1397 thesaurus
880 1287 950 1361 hic
970 1288 1158 1389 eloquen-

112 1429 131 1470 2
145 1410 224 1481 tiae
236 1405 393 1482 dicitur.
433 1404 510 1480 Sed
525 1430 609 1479 non
623 1401 740 1477 firme
756 1417 912 1477 tuntum
930 1406 1160 1490 continere,

144 1546 288 1596 verum
326 1520 444 1594 etiam
479 1521 558 1593 cito
591 1520 792 1618 percipere
827 1518 958 1591 multa
998 1504 1159 1595 acturos

146 1647 328 1734 oportet,
384 1658 458 1707 nec
487 1658 588 1732 quae
625 1630 821 1732 scripseris
855 1630 986 1710 modo
1004 1636 1158 1710 'iterate

143 1750 314 1823 lectione
340 1748 569 1848 complecti,
611 1745 680 1821 sed
704 1750 748 1821 iu
776 1746 957 1849 cogitatis
989 1772 1157 1861 quoque

145 2016 210 2075 edd.
232 2032 296 2073 rote
318 2014 431 2089 Gryph.
452 2034 513 2071 exo.
534 2014 601 2070 Alo.
627 2017 819 2071 contineantur
836 2035 910 2071 mox
930 2017 1013 2076 Jens.
1038 2034 1071 2075 et
1096 2016 1153 2073 ott.

146 2100 226 2176 quod
242 2120 308 2157 cum
328 2099 436 2173 Regius
451 2101 482 2154 in
497 2102 542 2156 sua
556 2100 762 2155 constitutione
779 2101 925 2175 posuisset,
944 2118 983 2159 ut
999 2118 1040 2163 et,
1064 2102 1153 2158 neseio

146 2206 202 2260 que
217 2187 333 2252 aurium
347 2186 488 2259 superbia,
505 2185 609 2245 velutir
626 2184 684 2239 hoc
699 2185 886 2239 necessarium
903 2186 960 2240 else
974 2188 1152 2262 negavit&-

83 2270 87 2277 “
146 2271 229 2331 diue,
251 2270 374 2326 alterum
389 2270 428 2324 ob
442 2269 595 2324 clausulam
610 2271 833 2324 hexametricom
852 2268 939 2325 valde
957 2272 1152 2347 improbarit·

145 2356 218 2410 facta
230 2356 338 2410 iterum
353 2355 538 2427 archipiratae
551 2357 718 2416 mentione,
742 2354 779 2411 cl.
799 2372 844 2415 ιο,
867 2375 894 2417 1,
914 2369 968 2418 71.
1118 2355 1152 2409 te·

144 2459 217 2512 gum.
233 2439 332 2493 Turio.
347 2437 423 2492 flor.
447 2437 543 2495 Guett.
559 2440 648 2512 tegern
664 2459 729 2494 cunt
747 2437 835 2493 Goth.
851 2440 926 2497 Jens.
949 2442 1045 2497 Tm.
1064 2439 1151 2497 Modo

145 2524 245 2595 Camp.
254 2524 417 2582 anelivirnus,
427 2525 507 2595 quod
516 2522 617 2595 placet.
727 2524 864 2577 dictorum
872 2524 1150 2599 deniquefacwm·

31 2614 34 2619 '
145 2624 205 2679 que.
222 2604 320 2658 Turio.
339 2605 365 2657 d.
382 2605 516 2677 dinequae
526 2605 747 2680 factornrnqune.
764 2607 841 2662 Flor.
858 2609 886 2660 d.
903 2606 1033 2686 beneque
1043 2609 1074 2685 f.
1089 2628 1150 2685 pm

145 2706 212 2741 cum
223 2688 285 2744 edd.
295 2704 359 2742 aute
369 2687 434 2741 ΑΜ.
450 2690 504 2743 nisi
522 2690 601 2762 quod
612 2693 710 2766 Camp.
720 2691 878 2765 posteriore
893 2689 963 2747 loco
979 2714 1044 2768 qne,
1066 2712 1149 2770 qm·

145 2791 233 2845 quarn
253 2773 420 2828 diremtum.
455 2776 509 2829 Sed
532 2774 627 2829 Guelf.
655 2776 681 2831 d.
708 2774 914 2847 berresactorum
936 2798 1021 2851 quae.
1040 2776 1148 2835 Obnd.

145 2856 425 2931 benefactorumque,
448 2859 529 2932 quod
550 2860 667 2932 optabat
683 2862 764 2915 Geso.
791 2861 909 2934 Reliqui
920 2862 1064 2918 dictorum
1077 2863 1147 2919 bene

145 2962 196 3018 que
206 2940 356 3012 factorum.
377 2943 516 2997 Nostrum
533 2963 547 2996 e
564 2944 661 3000 Turic.
685 2945 820 3016 scriptura
844 2962 1027 3002 correctum.

209 3024 406 3099 repraesentat.
429 3029 528 3083 Turic.
539 3030 560 3080 f
561 3026 616 3081 lor.
630 3028 726 3083 Guetf.
739 3031 809 3081 Exc.
824 3032 940 3085 sannen.
955 3032 1062 3111 camp.
1075 3052 1147 3107 pru·

138 3105 236 3182 serunt
251 3128 317 3163 cum
325 3110 403 3166 Voss.
415 3124 443 3164 2.
452 3112 539 3167 Goth.
548 3127 576 3164 et
585 3112 649 3167 edd.
659 3113 797 3167 antellad.
818 3113 889 3169 Non
898 3115 985 3170 ausus
995 3120 1060 3174 sum
1069 3119 1147 3174 reclu-

143 3211 223 3252 cere,
240 3193 400 3247 veritusne
418 3195 510 3249 medii
524 3197 589 3251 aovi
612 3197 743 3251 sordibus
759 3198 937 3269 irtqrtiuorer.
963 3202 1003 3257 cf.
1023 3206 1108 3259 (iesu.
1120 3202 1148 3257 in

142 3274 302 3346 Thesauro,
316 3276 349 3330 it.
359 3277 480 3332 roreett.
495 3280 569 3335 Mox
579 3281 678 3336 Turic.
692 3280 769 3337 Flor.
783 3284 927 3336 concitatis
937 3303 998 3359 pro
1009 3290 1147 3364 cognatis·

184 3493 261 3549 resur
295 3489 400 3568 spiritu
441 3501 624 3556 continentur.
667 3502 793 3556 ornnilrrrr
813 3503 884 3556 inter
893 3500 929 3577 se
946 3510 1153 3565 concinenrilre

145 3580 227 3632 lianc
248 3577 389 3652 loquendi
410 3581 533 3637 sormam
550 3586 625 3659 sugo·
668 3588 762 3640 retundi
790 3589 916 3660 partibus
944 3591 1080 3666 projecto
1099 3614 1150 3651 nnn

143 3664 216 3717 citer
238 3664 393 3720 Turnebus
416 3669 622 3739 inseverit,
665 3669 791 3745 possent,
822 3670 874 3747 nisi
891 3693 999 3731 cauno
1016 3679 1151 3737 divinoe

146 3765 193 3804 ιο.
217 3745 378 3802 translatam
394 3753 622 3808 viditoStoico·
665 3760 825 3809 corrrinnuto
849 3755 957 3831 spiritu
977 3768 1151 3821 continetu-

78 3876 82 3889 ,
140 3847 206 3881 rum
222 3831 329 3905 placito
345 3836 470 3908 quotient
489 3836 523 3887 tle
537 3857 621 3890 murt-
664 3855 717 3893 tur.
739 3840 807 3897 Vnt.
830 3840 914 3914 plura
935 3844 1062 3905 dantem
1080 3852 1151 3907 Tur·

142 3911 190 3974 do,
215 3917 294 3987 quod
311 3916 435 3992 hieipsis
450 3918 621 3993 verbiepro·
663 3924 727 3978 neb.
753 3926 770 3976 Ι.
795 3923 813 3980 Ι.
837 3941 864 3981 et
882 3927 991 3988 Burm.
1009 3934 1051 3991 ad
1067 3933 1152 3995 noffi

140 3996 233 4049 sertui·
242 4000 316 4071 opud
327 4002 498 4057 Ciceronem
509 4004 617 4058 deNut.
663 4019 690 4075 4,
705 4021 733 4075 3,
751 4020 778 4075 5.

139 4078 231 4136 beor.
257 4099 285 4139 u.
306 4096 335 4149 7.
374 4088 448 4143 ttan
478 4090 518 4143 ire
551 4088 620 4161 fieri
