2558 5236
242 304 316 382 504
382 354 384 358 Α
476 291 533 358 Μ.
559 290 659 358 ιιι.
689 284 1002 381 quintinum

238 479 351 555 firma
375 477 491 552 debet
512 473 585 550 elle
600 475 803 560 memoria,
830 472 1068 571 quaealiam
1087 496 1242 550 memo.

185 619 223 677 Ι9
238 597 337 671 riam
356 593 526 686 adjuvet
563 596 669 668 'sum
683 613 784 689 quae
798 585 1036 687 scripserunt
1051 588 1118 661 vel
1134 592 1242 688 cogi·

238 711 387 786 tatione
409 708 747 807 complectuntur,
775 717 815 776 et
839 703 974 801 aliquo
1000 700 1126 800 ligno,
1158 730 1240 802 quo

238 838 496 911 moneantur,
522 835 683 898 notant:
721 816 832 916 quod
857 813 931 891 elle
950 818 1082 890 velex
1101 843 1144 892 re
1161 835 1240 894 tota

218 937 373 1040 potest,
387 953 431 1013 ut
450 937 500 1011 de
513 936 777 1033 navigatione,
788 933 949 1020 militia3
968 933 1034 1005 vel
1052 959 1100 1006 ex
1115 934 1239 1010 verbo

165 1088 168 1107 ·
237 1055 386 1153 aliquo.
441 1054 548 1146 Nam
566 1053 684 1126 etiam
701 1047 935 1136 excidentes,
965 1049 1087 1122 unius
1104 1048 1241 1125 admo·

302 1305 350 1360 ¹9·
377 1285 455 1340 Tum.
480 1279 575 1336 Gueli.
589 1282 659 1335 Exc.
677 1283 790 1336 senten.
817 1281 920 1336 Tamen
935 1298 1001 1334 cum
1016 1277 1196 1337 uncum.

326 1371 552 1441 complectuntur.
561 1367 661 1420 Turio.
670 1365 747 1424 Flor.
759 1367 956 1439 complectitur.
1077 1366 1182 1440 aliquo.
1193 1365 1240 1418 Sic

238 1451 335 1512 Guell.
345 1456 445 1526 camp.
455 1469 522 1506 cum
531 1449 606 1508 Voll.
617 1464 643 1503 2.
659 1449 747 1504 Goth.
760 1450 842 1505 colb.
851 1450 982 1512 Ald.alio
990 1468 1044 1524 quo
1053 1449 1152 1504 Turio.
1162 1447 1239 1503 Flor.

238 1537 358 1610 Reliqui
374 1537 441 1591 alio.
571 1546 742 1587 moneantur.
756 1535 855 1591 Turic.
869 1532 946 1588 Flor.
964 1536 1063 1606 Camp.
1080 1547 1242 1589 moveantar

240 1639 306 1676 cum
322 1620 410 1676 Goth.
426 1631 570 1672 moneatur
580 1616 675 1672 Guelf.
692 1617 737 1671 led
746 1636 910 1674 correctum
919 1637 954 1673 ex
963 1631 1113 1674 moveatur.
1134 1622 1212 1673 llaec
1226 1637 1241 1670 a

224 1705 311 1781 qphi
327 1705 395 1758 inde
410 1703 497 1756 initio
514 1701 652 1762 laborare,
668 1720 755 1755 nemo
769 1722 829 1757 non
846 1703 946 1758 sentiet
962 1704 1136 1760 admonitus.
1161 1704 1241 1774 Quid

240 1788 278 1843 est
298 1789 343 1844 vel
363 1804 427 1842 anto
443 1786 668 1859 complectuntur,
686 1787 735 1840 cui
755 1787 833 1840 nihil
855 1787 958 1842 deinde
978 1785 1153 1860 respondet?
1177 1788 1243 1842 Nili

233 1871 315 1931 ‘forte
333 1888 361 1926 et
376 1870 559 1943 interpretati
574 1871 639 1923 scint
653 1875 744 1928 etiam.
759 1871 917 1926 admodum
935 1871 1049 1946 quidem
1067 1873 1150 1925 dure.
1182 1873 1240 1926 Sed

240 1957 398 2015 convenire
408 1953 520 2009 {ortelle
534 1953 766 2018 videbatnralio,
784 1974 816 2011 ut
830 1955 922 2031 vulgo
931 1955 1045 2030 legunt:
1061 1961 1145 2009 eciam
1161 1954 1243 2018 alio,-

240 2059 327 2118 quam
350 2035 446 2115 quid?
477 2056 615 2112 quaerere
632 2038 712 2094 libet.
763 2041 826 2095 Nec
848 2042 921 2096 bene
940 2040 1000 2096 coit
1021 2042 1238 2114 complectuntur

238 2126 368 2203 praesens
391 2143 459 2179 cnm
475 2121 644 2197 scripserunt
660 2125 825 2197 praeterito.
870 2128 965 2198 Quare
978 2146 993 2179 e
1007 2126 1152 2180 veteribus
1168 2124 1241 2180 haec

239 2230 339 2266 eruere
362 2206 479 2262 malim:
497 2210 555 2275 ¹uel
570 2230 595 2260 c.
619 2211 755 2283 complexi
770 2208 854 2284 sunt,
885 2212 1078 2284 expungendo
1103 2208 1188 2264 [imni
1214 2224 1243 2265 ee

237 2291 321 2350 velut
334 2309 403 2349 nato
420 2312 456 2347 ex
473 2292 598 2348 evanido
613 2291 667 2347 illo
677 2292 753 2368 sune.
787 2296 830 2349 Eo
846 2315 963 2369 quoque
978 2294 1100 2351 inclinat
1115 2296 1241 2359 animus.

237 2397 272 2435 ut
286 2378 414 2432 servetur
428 2375 582 2452 antiquum
599 2372 674 2431 illud
689 2394 849 2434 moveantur
870 2386 1049 2454 (quanquam
1066 2399 1138 2434 mox
1155 2385 1179 2451 §-
1192 2394 1241 2436 αι.

238 2465 276 2520 est
290 2462 479 2523 admonentur,
496 2461 575 2534 qnod
592 2462 653 2514 lane
669 2462 882 2527 dubitationem
897 2465 1016 2534 injicit),
1028 2466 1096 2539 quia
1111 2462 1240 2538 imagine

237 2547 336 2620 eliqua
350 2565 423 2618 opus
438 2544 483 2607 est,
506 2544 636 2598 animum
650 2544 781 2609 feriente,
805 2549 873 2611 acri,
897 2547 1045 2604 ottonum
1066 2550 1128 2604 Cic.
1148 2555 1172 2621 q.
1192 2566 1240 2608 22.

237 2633 270 2697 ln
285 2628 444 2704 prioribus,
469 2649 540 2702 quae
556 2628 606 2682 hic
621 2646 710 2690 tento,
725 2632 845 2685 nostram
862 2633 946 2708 plane
962 2635 1102 2690 rationem
1121 2632 1241 2707 Gedoyae

235 2734 300 2785 nusi
313 2713 449 2786 sequitur.
495 2712 625 2767 Secunda
647 2713 740 2787 igitur
763 2717 794 2770 in
817 2717 873 2772 hoc
890 2722 1048 2774 memoriae
1063 2719 1190 2771 artificio
1208 2741 1241 2773 en

216 2819 219 2833 ·
236 2798 275 2855 eil
291 2795 506 2858 administratio,
530 2813 563 2850 ut
578 2795 765 2854 haerentibus
781 2800 837 2872 jam
853 2802 950 2858 animo
967 2805 1063 2859 nostro
1079 2799 1161 2861 locis.
1178 2805 1240 2858 ien-

236 2882 280 2938 (ιιι
296 2880 345 2937 vel
359 2881 477 2954 scriptos
493 2880 541 2936 vel
560 2881 702 2954 cogitatos
719 2884 775 2938 luis
790 2907 935 2959 quemque
952 2889 1038 2960 signis
1054 2885 1240 2951 instruamus,

235 2986 307 3022 mox
322 2964 395 3021 locic
410 2964 584 3041 praeparatis
600 2967 715 3020 eosdem
732 2967 852 3030 illaturi.
881 2972 928 3025 Sic
945 2985 1061 3046 apparet
1074 2971 1241 3029 differentia

234 3049 370 3105 locorum
386 3065 415 3103 et
433 3051 612 3124 imaginum
638 3048 865 3126 necquidquam
884 3056 983 3118 video,
1007 3055 1084 3128 quod
1106 3053 1240 3128 intelligi

233 3149 358 3206 nequeat
378 3134 408 3185 in
432 3133 485 3186 hac
505 3135 636 3197 ratione,
661 3155 825 3209 quanquam
843 3137 944 3205 valde,
967 3155 998 3195 ut
1013 3137 1097 3193 uobis
1113 3137 1238 3209 quidem

233 3233 262 3273 et
284 3217 339 3289 ipl't
364 3212 547 3288 Quintiliano
571 3219 706 3282 videtur,
743 3225 848 3297 operoi
862 3263 868 3278 .
1068 3222 1237 3287 excidentes,

277 3420 324 3474 ¹9·
359 3401 574 3475 complectuntur
597 3433 635 3447 -
654 3426 712 3461 mo·
754 3412 795 3463 lta
813 3407 963 3472 Rollinus;
987 3428 1074 3482 quem
1089 3428 1144 3482 ego
1160 3427 1236 3465 recte

231 3500 355 3542 ocantur.
377 3486 412 3539 cf.
427 3503 501 3540 nott.
519 3488 596 3546 criti.
754 3493 811 3546 hoc
827 3513 862 3546 ex
878 3511 1008 3548 veterum
1027 3495 1139 3547 racione
1155 3515 1234 3548 mne·

241 3616 249 3627 .
272 3572 317 3626 vel
326 3592 358 3624 ex
368 3592 397 3623 re
406 3583 465 3622 tota
478 3600 520 3612 -
534 3575 578 3626 vel
587 3594 620 3627 ex
627 3576 710 3633 verbo
754 3579 865 3633 monica
884 3578 1001 3632 tcnuiffe
1018 3578 1159 3641 existimo,
1175 3597 1232 3631 ma·

230 3656 335 3730 aliquo.
382 3655 531 3727 „Signum
556 3656 632 3712 illud
663 3661 711 3714 vel
753 3663 832 3714 xime
868 3662 1051 3716 conferendis
1082 3664 1127 3724 iis,
1162 3682 1233 3736 quae

230 3738 590 3804 ‚,ex1·etotaellumitur‚
617 3760 712 3798 utan-
754 3746 896 3818 praecipit
923 3747 1049 3819 scriptor
1076 3749 1233 3802 Herennia-

153 3861 157 3883 ·,
231 3844 337 3884 „corn
360 3825 430 3879 lide
446 3826 631 3896 navigatione
648 3848 712 3901 uga-
754 3849 807 3882 nus
825 3843 851 3894 3,
868 3844 982 3883 20.21.

232 3910 436 3970 „tur3velex
449 3906 711 3982 veiboaliquo,ut,
796 3913 958 3969 excidentes.
996 3917 1082 3969 Recte
1115 3916 1236 3990 Cappeu

232 3991 281 4051 „si
305 3991 442 4062 periodus
465 3992 568 4064 incipit
589 4013 604 4043 a
621 3996 711 4050 vcrbo
754 3995 812 4058 huc
835 3997 956 4053 advocat
975 4019 1021 4061 tl,
1044 4015 1072 4064 5,
1093 4014 1159 4065 133.
1184 4000 1236 4053 ubi

124 4096 133 4109 ι
233 4071 715 4150 ,dolenpoteritsolellesignum.“
755 4081 896 4144 excidens,
933 4083 1006 4140 licut
1033 4084 1147 4146 ethic,
1181 4103 1237 4158 pro
